%YAML 1.1
%TAG !u! tag:unity3d.com,2011:
--- !u!1 &5731401623521879171
GameObject:
  m_ObjectHideFlags: 0
  m_CorrespondingSourceObject: {fileID: 0}
  m_PrefabInstance: {fileID: 0}
  m_PrefabAsset: {fileID: 0}
  serializedVersion: 6
  m_Component:
  - component: {fileID: 585343984972447749}
  m_Layer: 0
  m_Name: Dummy
  m_TagString: Untagged
  m_Icon: {fileID: 0}
  m_NavMeshLayer: 0
  m_StaticEditorFlags: 0
  m_IsActive: 1
--- !u!4 &585343984972447749
Transform:
  m_ObjectHideFlags: 0
  m_CorrespondingSourceObject: {fileID: 0}
  m_PrefabInstance: {fileID: 0}
  m_PrefabAsset: {fileID: 0}
  m_GameObject: {fileID: 5731401623521879171}
  m_LocalRotation: {x: 0, y: 0, z: 0, w: 1}
  m_LocalPosition: {x: 0, y: 0, z: 0}
  m_LocalScale: {x: 1, y: 1, z: 1}
  m_Children:
  - {fileID: 3744944983502754237}
  - {fileID: 1763419004637915229}
  - {fileID: 4326682548475492012}
  - {fileID: 5846162976374147274}
  - {fileID: 9019730258567665741}
  - {fileID: 6372348445247198538}
  - {fileID: 2688246237431533586}
  m_Father: {fileID: 0}
  m_RootOrder: 0
  m_LocalEulerAnglesHint: {x: 0, y: 0, z: 0}
--- !u!1001 &2301996095575740342
PrefabInstance:
  m_ObjectHideFlags: 0
  serializedVersion: 2
  m_Modification:
    m_TransformParent: {fileID: 585343984972447749}
    m_Modifications:
    - target: {fileID: -8679921383154817045, guid: bdf1c8bbb35c9bb489eb5929d1c11201,
        type: 3}
      propertyPath: m_RootOrder
      value: 1
      objectReference: {fileID: 0}
    - target: {fileID: -8679921383154817045, guid: bdf1c8bbb35c9bb489eb5929d1c11201,
        type: 3}
      propertyPath: m_LocalPosition.x
      value: 0
      objectReference: {fileID: 0}
    - target: {fileID: -8679921383154817045, guid: bdf1c8bbb35c9bb489eb5929d1c11201,
        type: 3}
      propertyPath: m_LocalPosition.y
      value: 0
      objectReference: {fileID: 0}
    - target: {fileID: -8679921383154817045, guid: bdf1c8bbb35c9bb489eb5929d1c11201,
        type: 3}
      propertyPath: m_LocalPosition.z
      value: 0
      objectReference: {fileID: 0}
    - target: {fileID: -8679921383154817045, guid: bdf1c8bbb35c9bb489eb5929d1c11201,
        type: 3}
      propertyPath: m_LocalRotation.w
      value: 1
      objectReference: {fileID: 0}
    - target: {fileID: -8679921383154817045, guid: bdf1c8bbb35c9bb489eb5929d1c11201,
        type: 3}
      propertyPath: m_LocalRotation.x
      value: -0
      objectReference: {fileID: 0}
    - target: {fileID: -8679921383154817045, guid: bdf1c8bbb35c9bb489eb5929d1c11201,
        type: 3}
      propertyPath: m_LocalRotation.y
      value: -0
      objectReference: {fileID: 0}
    - target: {fileID: -8679921383154817045, guid: bdf1c8bbb35c9bb489eb5929d1c11201,
        type: 3}
      propertyPath: m_LocalRotation.z
      value: -0
      objectReference: {fileID: 0}
    - target: {fileID: -8679921383154817045, guid: bdf1c8bbb35c9bb489eb5929d1c11201,
        type: 3}
      propertyPath: m_LocalEulerAnglesHint.x
      value: 0
      objectReference: {fileID: 0}
    - target: {fileID: -8679921383154817045, guid: bdf1c8bbb35c9bb489eb5929d1c11201,
        type: 3}
      propertyPath: m_LocalEulerAnglesHint.y
      value: 0
      objectReference: {fileID: 0}
    - target: {fileID: -8679921383154817045, guid: bdf1c8bbb35c9bb489eb5929d1c11201,
        type: 3}
      propertyPath: m_LocalEulerAnglesHint.z
      value: 0
      objectReference: {fileID: 0}
    - target: {fileID: 919132149155446097, guid: bdf1c8bbb35c9bb489eb5929d1c11201,
        type: 3}
      propertyPath: m_Name
      value: Feeder Cap
      objectReference: {fileID: 0}
    m_RemovedComponents: []
  m_SourcePrefab: {fileID: 100100000, guid: bdf1c8bbb35c9bb489eb5929d1c11201, type: 3}
--- !u!4 &1763419004637915229 stripped
Transform:
  m_CorrespondingSourceObject: {fileID: -8679921383154817045, guid: bdf1c8bbb35c9bb489eb5929d1c11201,
    type: 3}
  m_PrefabInstance: {fileID: 2301996095575740342}
  m_PrefabAsset: {fileID: 0}
--- !u!1001 &2505172135343716345
PrefabInstance:
  m_ObjectHideFlags: 0
  serializedVersion: 2
  m_Modification:
    m_TransformParent: {fileID: 585343984972447749}
    m_Modifications:
    - target: {fileID: -8679921383154817045, guid: d509be9218896df458510ac2102e7eaf,
        type: 3}
      propertyPath: m_RootOrder
      value: 6
      objectReference: {fileID: 0}
    - target: {fileID: -8679921383154817045, guid: d509be9218896df458510ac2102e7eaf,
        type: 3}
      propertyPath: m_LocalPosition.x
      value: 0
      objectReference: {fileID: 0}
    - target: {fileID: -8679921383154817045, guid: d509be9218896df458510ac2102e7eaf,
        type: 3}
      propertyPath: m_LocalPosition.y
      value: 0
      objectReference: {fileID: 0}
    - target: {fileID: -8679921383154817045, guid: d509be9218896df458510ac2102e7eaf,
        type: 3}
      propertyPath: m_LocalPosition.z
      value: 0
      objectReference: {fileID: 0}
    - target: {fileID: -8679921383154817045, guid: d509be9218896df458510ac2102e7eaf,
        type: 3}
      propertyPath: m_LocalRotation.w
      value: 1
      objectReference: {fileID: 0}
    - target: {fileID: -8679921383154817045, guid: d509be9218896df458510ac2102e7eaf,
        type: 3}
      propertyPath: m_LocalRotation.x
      value: -0
      objectReference: {fileID: 0}
    - target: {fileID: -8679921383154817045, guid: d509be9218896df458510ac2102e7eaf,
        type: 3}
      propertyPath: m_LocalRotation.y
      value: -0
      objectReference: {fileID: 0}
    - target: {fileID: -8679921383154817045, guid: d509be9218896df458510ac2102e7eaf,
        type: 3}
      propertyPath: m_LocalRotation.z
      value: -0
      objectReference: {fileID: 0}
    - target: {fileID: -8679921383154817045, guid: d509be9218896df458510ac2102e7eaf,
        type: 3}
      propertyPath: m_LocalEulerAnglesHint.x
      value: 0
      objectReference: {fileID: 0}
    - target: {fileID: -8679921383154817045, guid: d509be9218896df458510ac2102e7eaf,
        type: 3}
      propertyPath: m_LocalEulerAnglesHint.y
      value: 0
      objectReference: {fileID: 0}
    - target: {fileID: -8679921383154817045, guid: d509be9218896df458510ac2102e7eaf,
        type: 3}
      propertyPath: m_LocalEulerAnglesHint.z
      value: 0
      objectReference: {fileID: 0}
    - target: {fileID: -1169262832239815155, guid: d509be9218896df458510ac2102e7eaf,
        type: 3}
      propertyPath: m_LocalScale.x
      value: 107.86374
      objectReference: {fileID: 0}
    - target: {fileID: -1169262832239815155, guid: d509be9218896df458510ac2102e7eaf,
        type: 3}
      propertyPath: m_LocalScale.y
      value: 94.534386
      objectReference: {fileID: 0}
    - target: {fileID: -1169262832239815155, guid: d509be9218896df458510ac2102e7eaf,
        type: 3}
      propertyPath: m_LocalScale.z
      value: 94.534386
      objectReference: {fileID: 0}
    - target: {fileID: -1169262832239815155, guid: d509be9218896df458510ac2102e7eaf,
        type: 3}
      propertyPath: m_LocalPosition.x
      value: -1.319
      objectReference: {fileID: 0}
    - target: {fileID: -1169262832239815155, guid: d509be9218896df458510ac2102e7eaf,
        type: 3}
      propertyPath: m_LocalPosition.y
      value: -0.033
      objectReference: {fileID: 0}
    - target: {fileID: -1169262832239815155, guid: d509be9218896df458510ac2102e7eaf,
        type: 3}
      propertyPath: m_LocalPosition.z
      value: -21.65
      objectReference: {fileID: 0}
    - target: {fileID: 919132149155446097, guid: d509be9218896df458510ac2102e7eaf,
        type: 3}
      propertyPath: m_Name
      value: Unscramble bottle machine
      objectReference: {fileID: 0}
    m_RemovedComponents: []
  m_SourcePrefab: {fileID: 100100000, guid: d509be9218896df458510ac2102e7eaf, type: 3}
--- !u!4 &2688246237431533586 stripped
Transform:
  m_CorrespondingSourceObject: {fileID: -8679921383154817045, guid: d509be9218896df458510ac2102e7eaf,
    type: 3}
  m_PrefabInstance: {fileID: 2505172135343716345}
  m_PrefabAsset: {fileID: 0}
--- !u!1001 &3779099407781033558
PrefabInstance:
  m_ObjectHideFlags: 0
  serializedVersion: 2
  m_Modification:
    m_TransformParent: {fileID: 585343984972447749}
    m_Modifications:
    - target: {fileID: -8679921383154817045, guid: 13b8fb42bedc2c74582d7337ec8c7642,
        type: 3}
      propertyPath: m_RootOrder
      value: 0
      objectReference: {fileID: 0}
    - target: {fileID: -8679921383154817045, guid: 13b8fb42bedc2c74582d7337ec8c7642,
        type: 3}
      propertyPath: m_LocalPosition.x
      value: 0
      objectReference: {fileID: 0}
    - target: {fileID: -8679921383154817045, guid: 13b8fb42bedc2c74582d7337ec8c7642,
        type: 3}
      propertyPath: m_LocalPosition.y
      value: 0
      objectReference: {fileID: 0}
    - target: {fileID: -8679921383154817045, guid: 13b8fb42bedc2c74582d7337ec8c7642,
        type: 3}
      propertyPath: m_LocalPosition.z
      value: 0
      objectReference: {fileID: 0}
    - target: {fileID: -8679921383154817045, guid: 13b8fb42bedc2c74582d7337ec8c7642,
        type: 3}
      propertyPath: m_LocalRotation.w
      value: 1
      objectReference: {fileID: 0}
    - target: {fileID: -8679921383154817045, guid: 13b8fb42bedc2c74582d7337ec8c7642,
        type: 3}
      propertyPath: m_LocalRotation.x
      value: -0
      objectReference: {fileID: 0}
    - target: {fileID: -8679921383154817045, guid: 13b8fb42bedc2c74582d7337ec8c7642,
        type: 3}
      propertyPath: m_LocalRotation.y
      value: -0
      objectReference: {fileID: 0}
    - target: {fileID: -8679921383154817045, guid: 13b8fb42bedc2c74582d7337ec8c7642,
        type: 3}
      propertyPath: m_LocalRotation.z
      value: -0
      objectReference: {fileID: 0}
    - target: {fileID: -8679921383154817045, guid: 13b8fb42bedc2c74582d7337ec8c7642,
        type: 3}
      propertyPath: m_LocalEulerAnglesHint.x
      value: 0
      objectReference: {fileID: 0}
    - target: {fileID: -8679921383154817045, guid: 13b8fb42bedc2c74582d7337ec8c7642,
        type: 3}
      propertyPath: m_LocalEulerAnglesHint.y
      value: 0
      objectReference: {fileID: 0}
    - target: {fileID: -8679921383154817045, guid: 13b8fb42bedc2c74582d7337ec8c7642,
        type: 3}
      propertyPath: m_LocalEulerAnglesHint.z
      value: 0
      objectReference: {fileID: 0}
    - target: {fileID: 919132149155446097, guid: 13b8fb42bedc2c74582d7337ec8c7642,
        type: 3}
      propertyPath: m_Name
      value: Conveyor
      objectReference: {fileID: 0}
    m_RemovedComponents: []
  m_SourcePrefab: {fileID: 100100000, guid: 13b8fb42bedc2c74582d7337ec8c7642, type: 3}
--- !u!4 &3744944983502754237 stripped
Transform:
  m_CorrespondingSourceObject: {fileID: -8679921383154817045, guid: 13b8fb42bedc2c74582d7337ec8c7642,
    type: 3}
  m_PrefabInstance: {fileID: 3779099407781033558}
  m_PrefabAsset: {fileID: 0}
--- !u!1001 &4287936640082383175
PrefabInstance:
  m_ObjectHideFlags: 0
  serializedVersion: 2
  m_Modification:
    m_TransformParent: {fileID: 585343984972447749}
    m_Modifications:
    - target: {fileID: -8679921383154817045, guid: 423295dbe6254ee44aa292b4c2153835,
        type: 3}
      propertyPath: m_RootOrder
      value: 2
      objectReference: {fileID: 0}
    - target: {fileID: -8679921383154817045, guid: 423295dbe6254ee44aa292b4c2153835,
        type: 3}
      propertyPath: m_LocalPosition.x
      value: 0
      objectReference: {fileID: 0}
    - target: {fileID: -8679921383154817045, guid: 423295dbe6254ee44aa292b4c2153835,
        type: 3}
      propertyPath: m_LocalPosition.y
      value: 0
      objectReference: {fileID: 0}
    - target: {fileID: -8679921383154817045, guid: 423295dbe6254ee44aa292b4c2153835,
        type: 3}
      propertyPath: m_LocalPosition.z
      value: 0
      objectReference: {fileID: 0}
    - target: {fileID: -8679921383154817045, guid: 423295dbe6254ee44aa292b4c2153835,
        type: 3}
      propertyPath: m_LocalRotation.w
      value: 1
      objectReference: {fileID: 0}
    - target: {fileID: -8679921383154817045, guid: 423295dbe6254ee44aa292b4c2153835,
        type: 3}
      propertyPath: m_LocalRotation.x
      value: -0
      objectReference: {fileID: 0}
    - target: {fileID: -8679921383154817045, guid: 423295dbe6254ee44aa292b4c2153835,
        type: 3}
      propertyPath: m_LocalRotation.y
      value: -0
      objectReference: {fileID: 0}
    - target: {fileID: -8679921383154817045, guid: 423295dbe6254ee44aa292b4c2153835,
        type: 3}
      propertyPath: m_LocalRotation.z
      value: -0
      objectReference: {fileID: 0}
    - target: {fileID: -8679921383154817045, guid: 423295dbe6254ee44aa292b4c2153835,
        type: 3}
      propertyPath: m_LocalEulerAnglesHint.x
      value: 0
      objectReference: {fileID: 0}
    - target: {fileID: -8679921383154817045, guid: 423295dbe6254ee44aa292b4c2153835,
        type: 3}
      propertyPath: m_LocalEulerAnglesHint.y
      value: 0
      objectReference: {fileID: 0}
    - target: {fileID: -8679921383154817045, guid: 423295dbe6254ee44aa292b4c2153835,
        type: 3}
      propertyPath: m_LocalEulerAnglesHint.z
      value: 0
      objectReference: {fileID: 0}
    - target: {fileID: 919132149155446097, guid: 423295dbe6254ee44aa292b4c2153835,
        type: 3}
      propertyPath: m_Name
      value: Filling Capping
      objectReference: {fileID: 0}
    m_RemovedComponents: []
  m_SourcePrefab: {fileID: 100100000, guid: 423295dbe6254ee44aa292b4c2153835, type: 3}
--- !u!4 &4326682548475492012 stripped
Transform:
  m_CorrespondingSourceObject: {fileID: -8679921383154817045, guid: 423295dbe6254ee44aa292b4c2153835,
    type: 3}
  m_PrefabInstance: {fileID: 4287936640082383175}
  m_PrefabAsset: {fileID: 0}
--- !u!1001 &6245093270333894433
PrefabInstance:
  m_ObjectHideFlags: 0
  serializedVersion: 2
  m_Modification:
    m_TransformParent: {fileID: 585343984972447749}
    m_Modifications:
    - target: {fileID: -8679921383154817045, guid: 7ce64678b228a5d41b95133db51f699a,
        type: 3}
      propertyPath: m_RootOrder
      value: 3
      objectReference: {fileID: 0}
    - target: {fileID: -8679921383154817045, guid: 7ce64678b228a5d41b95133db51f699a,
        type: 3}
      propertyPath: m_LocalScale.y
      value: 99.999985
      objectReference: {fileID: 0}
    - target: {fileID: -8679921383154817045, guid: 7ce64678b228a5d41b95133db51f699a,
        type: 3}
      propertyPath: m_LocalScale.z
      value: 99.999985
      objectReference: {fileID: 0}
    - target: {fileID: -8679921383154817045, guid: 7ce64678b228a5d41b95133db51f699a,
        type: 3}
      propertyPath: m_LocalPosition.x
      value: 7.5172067
      objectReference: {fileID: 0}
    - target: {fileID: -8679921383154817045, guid: 7ce64678b228a5d41b95133db51f699a,
        type: 3}
      propertyPath: m_LocalPosition.y
      value: 0
      objectReference: {fileID: 0}
    - target: {fileID: -8679921383154817045, guid: 7ce64678b228a5d41b95133db51f699a,
        type: 3}
      propertyPath: m_LocalPosition.z
      value: -3.878633
      objectReference: {fileID: 0}
    - target: {fileID: -8679921383154817045, guid: 7ce64678b228a5d41b95133db51f699a,
        type: 3}
      propertyPath: m_LocalRotation.w
      value: 0.7071067
      objectReference: {fileID: 0}
    - target: {fileID: -8679921383154817045, guid: 7ce64678b228a5d41b95133db51f699a,
        type: 3}
      propertyPath: m_LocalRotation.x
      value: -0.7071068
      objectReference: {fileID: 0}
    - target: {fileID: -8679921383154817045, guid: 7ce64678b228a5d41b95133db51f699a,
        type: 3}
      propertyPath: m_LocalRotation.y
      value: -0
      objectReference: {fileID: 0}
    - target: {fileID: -8679921383154817045, guid: 7ce64678b228a5d41b95133db51f699a,
        type: 3}
      propertyPath: m_LocalRotation.z
      value: -0
      objectReference: {fileID: 0}
    - target: {fileID: -8679921383154817045, guid: 7ce64678b228a5d41b95133db51f699a,
        type: 3}
      propertyPath: m_LocalEulerAnglesHint.x
      value: 0
      objectReference: {fileID: 0}
    - target: {fileID: -8679921383154817045, guid: 7ce64678b228a5d41b95133db51f699a,
        type: 3}
      propertyPath: m_LocalEulerAnglesHint.y
      value: 0
      objectReference: {fileID: 0}
    - target: {fileID: -8679921383154817045, guid: 7ce64678b228a5d41b95133db51f699a,
        type: 3}
      propertyPath: m_LocalEulerAnglesHint.z
      value: 0
      objectReference: {fileID: 0}
    - target: {fileID: 919132149155446097, guid: 7ce64678b228a5d41b95133db51f699a,
        type: 3}
      propertyPath: m_Name
      value: Labeler
      objectReference: {fileID: 0}
    m_RemovedComponents: []
  m_SourcePrefab: {fileID: 100100000, guid: 7ce64678b228a5d41b95133db51f699a, type: 3}
--- !u!4 &5846162976374147274 stripped
Transform:
  m_CorrespondingSourceObject: {fileID: -8679921383154817045, guid: 7ce64678b228a5d41b95133db51f699a,
    type: 3}
  m_PrefabInstance: {fileID: 6245093270333894433}
  m_PrefabAsset: {fileID: 0}
--- !u!1001 &6910096721645515425
PrefabInstance:
  m_ObjectHideFlags: 0
  serializedVersion: 2
  m_Modification:
    m_TransformParent: {fileID: 585343984972447749}
    m_Modifications:
    - target: {fileID: -8679921383154817045, guid: d10e5c4641c3bf24dbffebab1fab14d4,
        type: 3}
      propertyPath: m_RootOrder
      value: 5
      objectReference: {fileID: 0}
    - target: {fileID: -8679921383154817045, guid: d10e5c4641c3bf24dbffebab1fab14d4,
        type: 3}
      propertyPath: m_LocalPosition.x
      value: 0
      objectReference: {fileID: 0}
    - target: {fileID: -8679921383154817045, guid: d10e5c4641c3bf24dbffebab1fab14d4,
        type: 3}
      propertyPath: m_LocalPosition.y
      value: 0
      objectReference: {fileID: 0}
    - target: {fileID: -8679921383154817045, guid: d10e5c4641c3bf24dbffebab1fab14d4,
        type: 3}
      propertyPath: m_LocalPosition.z
      value: 0
      objectReference: {fileID: 0}
    - target: {fileID: -8679921383154817045, guid: d10e5c4641c3bf24dbffebab1fab14d4,
        type: 3}
      propertyPath: m_LocalRotation.w
      value: 1
      objectReference: {fileID: 0}
    - target: {fileID: -8679921383154817045, guid: d10e5c4641c3bf24dbffebab1fab14d4,
        type: 3}
      propertyPath: m_LocalRotation.x
      value: -0
      objectReference: {fileID: 0}
    - target: {fileID: -8679921383154817045, guid: d10e5c4641c3bf24dbffebab1fab14d4,
        type: 3}
      propertyPath: m_LocalRotation.y
      value: -0
      objectReference: {fileID: 0}
    - target: {fileID: -8679921383154817045, guid: d10e5c4641c3bf24dbffebab1fab14d4,
        type: 3}
      propertyPath: m_LocalRotation.z
      value: -0
      objectReference: {fileID: 0}
    - target: {fileID: -8679921383154817045, guid: d10e5c4641c3bf24dbffebab1fab14d4,
        type: 3}
      propertyPath: m_LocalEulerAnglesHint.x
      value: 0
      objectReference: {fileID: 0}
    - target: {fileID: -8679921383154817045, guid: d10e5c4641c3bf24dbffebab1fab14d4,
        type: 3}
      propertyPath: m_LocalEulerAnglesHint.y
      value: 0
      objectReference: {fileID: 0}
    - target: {fileID: -8679921383154817045, guid: d10e5c4641c3bf24dbffebab1fab14d4,
        type: 3}
      propertyPath: m_LocalEulerAnglesHint.z
      value: 0
      objectReference: {fileID: 0}
    - target: {fileID: 919132149155446097, guid: d10e5c4641c3bf24dbffebab1fab14d4,
        type: 3}
      propertyPath: m_Name
      value: Sealer Timbangan
      objectReference: {fileID: 0}
    m_RemovedComponents: []
  m_SourcePrefab: {fileID: 100100000, guid: d10e5c4641c3bf24dbffebab1fab14d4, type: 3}
--- !u!4 &6372348445247198538 stripped
Transform:
  m_CorrespondingSourceObject: {fileID: -8679921383154817045, guid: d10e5c4641c3bf24dbffebab1fab14d4,
    type: 3}
  m_PrefabInstance: {fileID: 6910096721645515425}
  m_PrefabAsset: {fileID: 0}
--- !u!1001 &8837819062499803046
PrefabInstance:
  m_ObjectHideFlags: 0
  serializedVersion: 2
  m_Modification:
    m_TransformParent: {fileID: 585343984972447749}
    m_Modifications:
    - target: {fileID: -8679921383154817045, guid: a625d2c72911f7d4292eb82f4095242d,
        type: 3}
      propertyPath: m_RootOrder
      value: 4
      objectReference: {fileID: 0}
    - target: {fileID: -8679921383154817045, guid: a625d2c72911f7d4292eb82f4095242d,
        type: 3}
      propertyPath: m_LocalPosition.x
      value: 0
      objectReference: {fileID: 0}
    - target: {fileID: -8679921383154817045, guid: a625d2c72911f7d4292eb82f4095242d,
        type: 3}
      propertyPath: m_LocalPosition.y
      value: 0
      objectReference: {fileID: 0}
    - target: {fileID: -8679921383154817045, guid: a625d2c72911f7d4292eb82f4095242d,
        type: 3}
      propertyPath: m_LocalPosition.z
      value: 0
      objectReference: {fileID: 0}
    - target: {fileID: -8679921383154817045, guid: a625d2c72911f7d4292eb82f4095242d,
        type: 3}
      propertyPath: m_LocalRotation.w
      value: 1
      objectReference: {fileID: 0}
    - target: {fileID: -8679921383154817045, guid: a625d2c72911f7d4292eb82f4095242d,
        type: 3}
      propertyPath: m_LocalRotation.x
      value: -0
      objectReference: {fileID: 0}
    - target: {fileID: -8679921383154817045, guid: a625d2c72911f7d4292eb82f4095242d,
        type: 3}
      propertyPath: m_LocalRotation.y
      value: -0
      objectReference: {fileID: 0}
    - target: {fileID: -8679921383154817045, guid: a625d2c72911f7d4292eb82f4095242d,
        type: 3}
      propertyPath: m_LocalRotation.z
      value: -0
      objectReference: {fileID: 0}
    - target: {fileID: -8679921383154817045, guid: a625d2c72911f7d4292eb82f4095242d,
        type: 3}
      propertyPath: m_LocalEulerAnglesHint.x
      value: 0
      objectReference: {fileID: 0}
    - target: {fileID: -8679921383154817045, guid: a625d2c72911f7d4292eb82f4095242d,
        type: 3}
      propertyPath: m_LocalEulerAnglesHint.y
      value: 0
      objectReference: {fileID: 0}
    - target: {fileID: -8679921383154817045, guid: a625d2c72911f7d4292eb82f4095242d,
        type: 3}
      propertyPath: m_LocalEulerAnglesHint.z
      value: 0
      objectReference: {fileID: 0}
    - target: {fileID: 919132149155446097, guid: a625d2c72911f7d4292eb82f4095242d,
        type: 3}
      propertyPath: m_Name
      value: Robotic
      objectReference: {fileID: 0}
    m_RemovedComponents: []
  m_SourcePrefab: {fileID: 100100000, guid: a625d2c72911f7d4292eb82f4095242d, type: 3}
--- !u!4 &9019730258567665741 stripped
Transform:
  m_CorrespondingSourceObject: {fileID: -8679921383154817045, guid: a625d2c72911f7d4292eb82f4095242d,
    type: 3}
  m_PrefabInstance: {fileID: 8837819062499803046}
  m_PrefabAsset: {fileID: 0}
