%YAML 1.1
%TAG !u! tag:unity3d.com,2011:
--- !u!29 &1
OcclusionCullingSettings:
  m_ObjectHideFlags: 0
  serializedVersion: 2
  m_OcclusionBakeSettings:
    smallestOccluder: 5
    smallestHole: 0.25
    backfaceThreshold: 100
  m_SceneGUID: 00000000000000000000000000000000
  m_OcclusionCullingData: {fileID: 0}
--- !u!104 &2
RenderSettings:
  m_ObjectHideFlags: 0
  serializedVersion: 9
  m_Fog: 0
  m_FogColor: {r: 0.5, g: 0.5, b: 0.5, a: 1}
  m_FogMode: 3
  m_FogDensity: 0.01
  m_LinearFogStart: 0
  m_LinearFogEnd: 300
  m_AmbientSkyColor: {r: 0.212, g: 0.227, b: 0.259, a: 1}
  m_AmbientEquatorColor: {r: 0.114, g: 0.125, b: 0.133, a: 1}
  m_AmbientGroundColor: {r: 0.047, g: 0.043, b: 0.035, a: 1}
  m_AmbientIntensity: 1
  m_AmbientMode: 0
  m_SubtractiveShadowColor: {r: 0.42, g: 0.478, b: 0.627, a: 1}
  m_SkyboxMaterial: {fileID: 10304, guid: 0000000000000000f000000000000000, type: 0}
  m_HaloStrength: 0.5
  m_FlareStrength: 1
  m_FlareFadeSpeed: 3
  m_HaloTexture: {fileID: 0}
  m_SpotCookie: {fileID: 10001, guid: 0000000000000000e000000000000000, type: 0}
  m_DefaultReflectionMode: 0
  m_DefaultReflectionResolution: 128
  m_ReflectionBounces: 1
  m_ReflectionIntensity: 1
  m_CustomReflection: {fileID: 0}
  m_Sun: {fileID: 0}
  m_IndirectSpecularColor: {r: 0, g: 0, b: 0, a: 1}
  m_UseRadianceAmbientProbe: 0
--- !u!157 &3
LightmapSettings:
  m_ObjectHideFlags: 0
  serializedVersion: 12
  m_GIWorkflowMode: 1
  m_GISettings:
    serializedVersion: 2
    m_BounceScale: 1
    m_IndirectOutputScale: 1
    m_AlbedoBoost: 1
    m_EnvironmentLightingMode: 0
    m_EnableBakedLightmaps: 1
    m_EnableRealtimeLightmaps: 0
  m_LightmapEditorSettings:
    serializedVersion: 12
    m_Resolution: 2
    m_BakeResolution: 40
    m_AtlasSize: 1024
    m_AO: 0
    m_AOMaxDistance: 1
    m_CompAOExponent: 1
    m_CompAOExponentDirect: 0
    m_ExtractAmbientOcclusion: 0
    m_Padding: 2
    m_LightmapParameters: {fileID: 0}
    m_LightmapsBakeMode: 1
    m_TextureCompression: 1
    m_FinalGather: 0
    m_FinalGatherFiltering: 1
    m_FinalGatherRayCount: 256
    m_ReflectionCompression: 2
    m_MixedBakeMode: 2
    m_BakeBackend: 1
    m_PVRSampling: 1
    m_PVRDirectSampleCount: 32
    m_PVRSampleCount: 512
    m_PVRBounces: 2
    m_PVREnvironmentSampleCount: 256
    m_PVREnvironmentReferencePointCount: 2048
    m_PVRFilteringMode: 1
    m_PVRDenoiserTypeDirect: 1
    m_PVRDenoiserTypeIndirect: 1
    m_PVRDenoiserTypeAO: 1
    m_PVRFilterTypeDirect: 0
    m_PVRFilterTypeIndirect: 0
    m_PVRFilterTypeAO: 0
    m_PVREnvironmentMIS: 1
    m_PVRCulling: 1
    m_PVRFilteringGaussRadiusDirect: 1
    m_PVRFilteringGaussRadiusIndirect: 5
    m_PVRFilteringGaussRadiusAO: 2
    m_PVRFilteringAtrousPositionSigmaDirect: 0.5
    m_PVRFilteringAtrousPositionSigmaIndirect: 2
    m_PVRFilteringAtrousPositionSigmaAO: 1
    m_ExportTrainingData: 0
    m_TrainingDataDestination: TrainingData
    m_LightProbeSampleCountMultiplier: 4
  m_LightingDataAsset: {fileID: 0}
  m_LightingSettings: {fileID: 1170779283}
--- !u!196 &4
NavMeshSettings:
  serializedVersion: 2
  m_ObjectHideFlags: 0
  m_BuildSettings:
    serializedVersion: 2
    agentTypeID: 0
    agentRadius: 0.5
    agentHeight: 2
    agentSlope: 45
    agentClimb: 0.4
    ledgeDropHeight: 0
    maxJumpAcrossDistance: 0
    minRegionArea: 2
    manualCellSize: 0
    cellSize: 0.16666667
    manualTileSize: 0
    tileSize: 256
    accuratePlacement: 0
    maxJobWorkers: 0
    preserveTilesOutsideBounds: 0
    debug:
      m_Flags: 0
  m_NavMeshData: {fileID: 0}
--- !u!1001 &27417217
PrefabInstance:
  m_ObjectHideFlags: 0
  serializedVersion: 2
  m_Modification:
    m_TransformParent: {fileID: 1250177397}
    m_Modifications:
    - target: {fileID: 3581061029126423844, guid: d5f0658e9c5e84446879df87884913a0,
        type: 3}
      propertyPath: m_LocalPosition.x
      value: 1.98
      objectReference: {fileID: 0}
    - target: {fileID: 3581061029126423844, guid: d5f0658e9c5e84446879df87884913a0,
        type: 3}
      propertyPath: m_LocalPosition.y
      value: 0.87
      objectReference: {fileID: 0}
    - target: {fileID: 3581061029126423844, guid: d5f0658e9c5e84446879df87884913a0,
        type: 3}
      propertyPath: m_LocalPosition.z
      value: -13.855
      objectReference: {fileID: 0}
    - target: {fileID: 3581061029126423844, guid: d5f0658e9c5e84446879df87884913a0,
        type: 3}
      propertyPath: m_LocalRotation.x
      value: -0
      objectReference: {fileID: 0}
    - target: {fileID: 3581061029126423844, guid: d5f0658e9c5e84446879df87884913a0,
        type: 3}
      propertyPath: m_LocalRotation.y
      value: 1
      objectReference: {fileID: 0}
    - target: {fileID: 3581061029126423844, guid: d5f0658e9c5e84446879df87884913a0,
        type: 3}
      propertyPath: m_LocalRotation.z
      value: -0
      objectReference: {fileID: 0}
    - target: {fileID: 3581061029126423844, guid: d5f0658e9c5e84446879df87884913a0,
        type: 3}
      propertyPath: m_LocalRotation.w
      value: 0
      objectReference: {fileID: 0}
    - target: {fileID: 3581061029126423844, guid: d5f0658e9c5e84446879df87884913a0,
        type: 3}
      propertyPath: m_RootOrder
      value: 5
      objectReference: {fileID: 0}
    - target: {fileID: 3581061029126423844, guid: d5f0658e9c5e84446879df87884913a0,
        type: 3}
      propertyPath: m_LocalEulerAnglesHint.x
      value: 0
      objectReference: {fileID: 0}
    - target: {fileID: 3581061029126423844, guid: d5f0658e9c5e84446879df87884913a0,
        type: 3}
      propertyPath: m_LocalEulerAnglesHint.y
      value: 180
      objectReference: {fileID: 0}
    - target: {fileID: 3581061029126423844, guid: d5f0658e9c5e84446879df87884913a0,
        type: 3}
      propertyPath: m_LocalEulerAnglesHint.z
      value: 0
      objectReference: {fileID: 0}
    - target: {fileID: 3581061029126423845, guid: d5f0658e9c5e84446879df87884913a0,
        type: 3}
      propertyPath: m_Name
      value: POI 6
      objectReference: {fileID: 0}
    - target: {fileID: 9158687551068003272, guid: d5f0658e9c5e84446879df87884913a0,
        type: 3}
      propertyPath: poiData
      value: 
      objectReference: {fileID: 11400000, guid: 3d2f34aa6d4815644a3dac26e8326555,
        type: 2}
    m_RemovedComponents:
    - {fileID: 1632759820650550234, guid: d5f0658e9c5e84446879df87884913a0, type: 3}
  m_SourcePrefab: {fileID: 100100000, guid: d5f0658e9c5e84446879df87884913a0, type: 3}
--- !u!4 &27417218 stripped
Transform:
  m_CorrespondingSourceObject: {fileID: 3581061029126423844, guid: d5f0658e9c5e84446879df87884913a0,
    type: 3}
  m_PrefabInstance: {fileID: 27417217}
  m_PrefabAsset: {fileID: 0}
--- !u!1 &78068655
GameObject:
  m_ObjectHideFlags: 0
  m_CorrespondingSourceObject: {fileID: 0}
  m_PrefabInstance: {fileID: 0}
  m_PrefabAsset: {fileID: 0}
  serializedVersion: 6
  m_Component:
  - component: {fileID: 78068656}
  - component: {fileID: 78068659}
  - component: {fileID: 78068658}
  - component: {fileID: 78068657}
  m_Layer: 0
  m_Name: Wall
  m_TagString: Untagged
  m_Icon: {fileID: 0}
  m_NavMeshLayer: 0
  m_StaticEditorFlags: 0
  m_IsActive: 1
--- !u!4 &78068656
Transform:
  m_ObjectHideFlags: 0
  m_CorrespondingSourceObject: {fileID: 0}
  m_PrefabInstance: {fileID: 0}
  m_PrefabAsset: {fileID: 0}
  m_GameObject: {fileID: 78068655}
  m_LocalRotation: {x: 0.70710677, y: -0, z: -0, w: 0.7071068}
  m_LocalPosition: {x: -0.83, y: 0, z: -23.15}
  m_LocalScale: {x: 3.0937, y: 3.0937, z: 3.0937}
  m_Children: []
  m_Father: {fileID: 446552817}
  m_RootOrder: 4
  m_LocalEulerAnglesHint: {x: 90.00001, y: 0, z: 0}
--- !u!64 &78068657
MeshCollider:
  m_ObjectHideFlags: 0
  m_CorrespondingSourceObject: {fileID: 0}
  m_PrefabInstance: {fileID: 0}
  m_PrefabAsset: {fileID: 0}
  m_GameObject: {fileID: 78068655}
  m_Material: {fileID: 0}
  m_IsTrigger: 0
  m_Enabled: 1
  serializedVersion: 4
  m_Convex: 0
  m_CookingOptions: 30
  m_Mesh: {fileID: 10209, guid: 0000000000000000e000000000000000, type: 0}
--- !u!23 &78068658
MeshRenderer:
  m_ObjectHideFlags: 0
  m_CorrespondingSourceObject: {fileID: 0}
  m_PrefabInstance: {fileID: 0}
  m_PrefabAsset: {fileID: 0}
  m_GameObject: {fileID: 78068655}
  m_Enabled: 1
  m_CastShadows: 1
  m_ReceiveShadows: 1
  m_DynamicOccludee: 1
  m_MotionVectors: 1
  m_LightProbeUsage: 1
  m_ReflectionProbeUsage: 1
  m_RayTracingMode: 2
  m_RayTraceProcedural: 0
  m_RenderingLayerMask: 1
  m_RendererPriority: 0
  m_Materials:
  - {fileID: 10303, guid: 0000000000000000f000000000000000, type: 0}
  m_StaticBatchInfo:
    firstSubMesh: 0
    subMeshCount: 0
  m_StaticBatchRoot: {fileID: 0}
  m_ProbeAnchor: {fileID: 0}
  m_LightProbeVolumeOverride: {fileID: 0}
  m_ScaleInLightmap: 1
  m_ReceiveGI: 1
  m_PreserveUVs: 0
  m_IgnoreNormalsForChartDetection: 0
  m_ImportantGI: 0
  m_StitchLightmapSeams: 1
  m_SelectedEditorRenderState: 3
  m_MinimumChartSize: 4
  m_AutoUVMaxDistance: 0.5
  m_AutoUVMaxAngle: 89
  m_LightmapParameters: {fileID: 0}
  m_SortingLayerID: 0
  m_SortingLayer: 0
  m_SortingOrder: 0
  m_AdditionalVertexStreams: {fileID: 0}
--- !u!33 &78068659
MeshFilter:
  m_ObjectHideFlags: 0
  m_CorrespondingSourceObject: {fileID: 0}
  m_PrefabInstance: {fileID: 0}
  m_PrefabAsset: {fileID: 0}
  m_GameObject: {fileID: 78068655}
  m_Mesh: {fileID: 10209, guid: 0000000000000000e000000000000000, type: 0}
--- !u!1 &311713747
GameObject:
  m_ObjectHideFlags: 0
  m_CorrespondingSourceObject: {fileID: 0}
  m_PrefabInstance: {fileID: 0}
  m_PrefabAsset: {fileID: 0}
  serializedVersion: 6
  m_Component:
  - component: {fileID: 311713749}
  - component: {fileID: 311713748}
  m_Layer: 0
  m_Name: Directional Light
  m_TagString: Untagged
  m_Icon: {fileID: 0}
  m_NavMeshLayer: 0
  m_StaticEditorFlags: 0
  m_IsActive: 0
--- !u!108 &311713748
Light:
  m_ObjectHideFlags: 0
  m_CorrespondingSourceObject: {fileID: 0}
  m_PrefabInstance: {fileID: 0}
  m_PrefabAsset: {fileID: 0}
  m_GameObject: {fileID: 311713747}
  m_Enabled: 1
  serializedVersion: 10
  m_Type: 1
  m_Shape: 0
  m_Color: {r: 1, g: 0.95686275, b: 0.8392157, a: 1}
  m_Intensity: 1
  m_Range: 10
  m_SpotAngle: 30
  m_InnerSpotAngle: 21.80208
  m_CookieSize: 10
  m_Shadows:
    m_Type: 2
    m_Resolution: -1
    m_CustomResolution: -1
    m_Strength: 1
    m_Bias: 0.05
    m_NormalBias: 0.4
    m_NearPlane: 0.2
    m_CullingMatrixOverride:
      e00: 1
      e01: 0
      e02: 0
      e03: 0
      e10: 0
      e11: 1
      e12: 0
      e13: 0
      e20: 0
      e21: 0
      e22: 1
      e23: 0
      e30: 0
      e31: 0
      e32: 0
      e33: 1
    m_UseCullingMatrixOverride: 0
  m_Cookie: {fileID: 0}
  m_DrawHalo: 0
  m_Flare: {fileID: 0}
  m_RenderMode: 0
  m_CullingMask:
    serializedVersion: 2
    m_Bits: 4294967295
  m_RenderingLayerMask: 1
  m_Lightmapping: 4
  m_LightShadowCasterMode: 0
  m_AreaSize: {x: 1, y: 1}
  m_BounceIntensity: 1
  m_ColorTemperature: 6570
  m_UseColorTemperature: 0
  m_BoundingSphereOverride: {x: 0, y: 0, z: 0, w: 0}
  m_UseBoundingSphereOverride: 0
  m_ShadowRadius: 0
  m_ShadowAngle: 0
--- !u!4 &311713749
Transform:
  m_ObjectHideFlags: 0
  m_CorrespondingSourceObject: {fileID: 0}
  m_PrefabInstance: {fileID: 0}
  m_PrefabAsset: {fileID: 0}
  m_GameObject: {fileID: 311713747}
  m_LocalRotation: {x: 0.40821788, y: -0.23456968, z: 0.10938163, w: 0.8754261}
  m_LocalPosition: {x: 0, y: 3, z: 0}
  m_LocalScale: {x: 1, y: 1, z: 1}
  m_Children: []
  m_Father: {fileID: 0}
  m_RootOrder: 2
  m_LocalEulerAnglesHint: {x: 50, y: -30, z: 0}
--- !u!224 &371099030 stripped
RectTransform:
  m_CorrespondingSourceObject: {fileID: 1823191373229338117, guid: fcd3543d5302d7b4aa2551630b1e490a,
    type: 3}
  m_PrefabInstance: {fileID: 811179037}
  m_PrefabAsset: {fileID: 0}
--- !u!1001 &412711555
PrefabInstance:
  m_ObjectHideFlags: 0
  serializedVersion: 2
  m_Modification:
    m_TransformParent: {fileID: 1250177397}
    m_Modifications:
    - target: {fileID: 3581061029126423844, guid: d5f0658e9c5e84446879df87884913a0,
        type: 3}
      propertyPath: m_LocalPosition.x
      value: 4.99
      objectReference: {fileID: 0}
    - target: {fileID: 3581061029126423844, guid: d5f0658e9c5e84446879df87884913a0,
        type: 3}
      propertyPath: m_LocalPosition.y
      value: 0.87
      objectReference: {fileID: 0}
    - target: {fileID: 3581061029126423844, guid: d5f0658e9c5e84446879df87884913a0,
        type: 3}
      propertyPath: m_LocalPosition.z
      value: -11.06
      objectReference: {fileID: 0}
    - target: {fileID: 3581061029126423844, guid: d5f0658e9c5e84446879df87884913a0,
        type: 3}
      propertyPath: m_LocalRotation.x
      value: -0
      objectReference: {fileID: 0}
    - target: {fileID: 3581061029126423844, guid: d5f0658e9c5e84446879df87884913a0,
        type: 3}
      propertyPath: m_LocalRotation.y
      value: 1
      objectReference: {fileID: 0}
    - target: {fileID: 3581061029126423844, guid: d5f0658e9c5e84446879df87884913a0,
        type: 3}
      propertyPath: m_LocalRotation.z
      value: -0
      objectReference: {fileID: 0}
    - target: {fileID: 3581061029126423844, guid: d5f0658e9c5e84446879df87884913a0,
        type: 3}
      propertyPath: m_LocalRotation.w
      value: 0
      objectReference: {fileID: 0}
    - target: {fileID: 3581061029126423844, guid: d5f0658e9c5e84446879df87884913a0,
        type: 3}
      propertyPath: m_RootOrder
      value: 4
      objectReference: {fileID: 0}
    - target: {fileID: 3581061029126423844, guid: d5f0658e9c5e84446879df87884913a0,
        type: 3}
      propertyPath: m_LocalEulerAnglesHint.x
      value: 0
      objectReference: {fileID: 0}
    - target: {fileID: 3581061029126423844, guid: d5f0658e9c5e84446879df87884913a0,
        type: 3}
      propertyPath: m_LocalEulerAnglesHint.y
      value: 180
      objectReference: {fileID: 0}
    - target: {fileID: 3581061029126423844, guid: d5f0658e9c5e84446879df87884913a0,
        type: 3}
      propertyPath: m_LocalEulerAnglesHint.z
      value: 0
      objectReference: {fileID: 0}
    - target: {fileID: 3581061029126423845, guid: d5f0658e9c5e84446879df87884913a0,
        type: 3}
      propertyPath: m_Name
      value: POI 5
      objectReference: {fileID: 0}
    - target: {fileID: 9158687551068003272, guid: d5f0658e9c5e84446879df87884913a0,
        type: 3}
      propertyPath: poiData
      value: 
      objectReference: {fileID: 11400000, guid: 5e5bccc2bf01dc2478c15240cd526808,
        type: 2}
    m_RemovedComponents:
    - {fileID: 1632759820650550234, guid: d5f0658e9c5e84446879df87884913a0, type: 3}
  m_SourcePrefab: {fileID: 100100000, guid: d5f0658e9c5e84446879df87884913a0, type: 3}
--- !u!4 &412711556 stripped
Transform:
  m_CorrespondingSourceObject: {fileID: 3581061029126423844, guid: d5f0658e9c5e84446879df87884913a0,
    type: 3}
  m_PrefabInstance: {fileID: 412711555}
  m_PrefabAsset: {fileID: 0}
--- !u!114 &420854719 stripped
MonoBehaviour:
  m_CorrespondingSourceObject: {fileID: 250123218562661927, guid: 0e5e8127cf519444db7ce6a290561798,
    type: 3}
  m_PrefabInstance: {fileID: 1098898913}
  m_PrefabAsset: {fileID: 0}
  m_GameObject: {fileID: 0}
  m_Enabled: 1
  m_EditorHideFlags: 0
  m_Script: {fileID: 11500000, guid: f4688fdb7df04437aeb418b961361dc5, type: 3}
  m_Name: 
  m_EditorClassIdentifier: 
--- !u!1 &435899012
GameObject:
  m_ObjectHideFlags: 0
  m_CorrespondingSourceObject: {fileID: 0}
  m_PrefabInstance: {fileID: 0}
  m_PrefabAsset: {fileID: 0}
  serializedVersion: 6
  m_Component:
  - component: {fileID: 435899015}
  - component: {fileID: 435899014}
  - component: {fileID: 435899013}
  m_Layer: 0
  m_Name: EventSystem
  m_TagString: Untagged
  m_Icon: {fileID: 0}
  m_NavMeshLayer: 0
  m_StaticEditorFlags: 0
  m_IsActive: 1
--- !u!114 &435899013
MonoBehaviour:
  m_ObjectHideFlags: 0
  m_CorrespondingSourceObject: {fileID: 0}
  m_PrefabInstance: {fileID: 0}
  m_PrefabAsset: {fileID: 0}
  m_GameObject: {fileID: 435899012}
  m_Enabled: 1
  m_EditorHideFlags: 0
  m_Script: {fileID: 11500000, guid: 4f231c4fb786f3946a6b90b886c48677, type: 3}
  m_Name: 
  m_EditorClassIdentifier: 
  m_HorizontalAxis: Horizontal
  m_VerticalAxis: Vertical
  m_SubmitButton: Submit
  m_CancelButton: Cancel
  m_InputActionsPerSecond: 10
  m_RepeatDelay: 0.5
  m_ForceModuleActive: 0
--- !u!114 &435899014
MonoBehaviour:
  m_ObjectHideFlags: 0
  m_CorrespondingSourceObject: {fileID: 0}
  m_PrefabInstance: {fileID: 0}
  m_PrefabAsset: {fileID: 0}
  m_GameObject: {fileID: 435899012}
  m_Enabled: 1
  m_EditorHideFlags: 0
  m_Script: {fileID: 11500000, guid: 76c392e42b5098c458856cdf6ecaaaa1, type: 3}
  m_Name: 
  m_EditorClassIdentifier: 
  m_FirstSelected: {fileID: 0}
  m_sendNavigationEvents: 1
  m_DragThreshold: 10
--- !u!4 &435899015
Transform:
  m_ObjectHideFlags: 0
  m_CorrespondingSourceObject: {fileID: 0}
  m_PrefabInstance: {fileID: 0}
  m_PrefabAsset: {fileID: 0}
  m_GameObject: {fileID: 435899012}
  m_LocalRotation: {x: 0, y: 0, z: 0, w: 1}
  m_LocalPosition: {x: 0, y: 0, z: 0}
  m_LocalScale: {x: 1, y: 1, z: 1}
  m_Children: []
  m_Father: {fileID: 0}
  m_RootOrder: 9
  m_LocalEulerAnglesHint: {x: 0, y: 0, z: 0}
--- !u!1 &446552816
GameObject:
  m_ObjectHideFlags: 0
  m_CorrespondingSourceObject: {fileID: 0}
  m_PrefabInstance: {fileID: 0}
  m_PrefabAsset: {fileID: 0}
  serializedVersion: 6
  m_Component:
  - component: {fileID: 446552817}
  m_Layer: 0
  m_Name: Environment
  m_TagString: Untagged
  m_Icon: {fileID: 0}
  m_NavMeshLayer: 0
  m_StaticEditorFlags: 0
  m_IsActive: 0
--- !u!4 &446552817
Transform:
  m_ObjectHideFlags: 0
  m_CorrespondingSourceObject: {fileID: 0}
  m_PrefabInstance: {fileID: 0}
  m_PrefabAsset: {fileID: 0}
  m_GameObject: {fileID: 446552816}
  m_LocalRotation: {x: 0, y: 0, z: 0, w: 1}
  m_LocalPosition: {x: 0, y: 0, z: 0}
  m_LocalScale: {x: 1, y: 1, z: 1}
  m_Children:
  - {fileID: 1187539037}
  - {fileID: 792199668}
  - {fileID: 1981626485}
  - {fileID: 2069494398}
  - {fileID: 78068656}
  - {fileID: 560853473}
  - {fileID: 1887101882}
  m_Father: {fileID: 0}
  m_RootOrder: 10
  m_LocalEulerAnglesHint: {x: 0, y: 0, z: 0}
--- !u!1001 &488748733
PrefabInstance:
  m_ObjectHideFlags: 0
  serializedVersion: 2
  m_Modification:
    m_TransformParent: {fileID: 0}
    m_Modifications:
    - target: {fileID: 6085808210373478364, guid: 2af3da1ec0425ff45a4e5aec07aab2b4,
        type: 3}
      propertyPath: listSubPanelPOI.Array.size
      value: 2
      objectReference: {fileID: 0}
    - target: {fileID: 6085808210373478364, guid: 2af3da1ec0425ff45a4e5aec07aab2b4,
        type: 3}
      propertyPath: panelMainMenu
      value: 
      objectReference: {fileID: 2047449008}
    - target: {fileID: 6085808210373478364, guid: 2af3da1ec0425ff45a4e5aec07aab2b4,
        type: 3}
      propertyPath: listPanelPanduan.Array.data[0]
      value: 
      objectReference: {fileID: 371099030}
    - target: {fileID: 6085808210373478364, guid: 2af3da1ec0425ff45a4e5aec07aab2b4,
        type: 3}
      propertyPath: listPanelPanduan.Array.data[1]
      value: 
      objectReference: {fileID: 1115358785}
    - target: {fileID: 6085808210373478364, guid: 2af3da1ec0425ff45a4e5aec07aab2b4,
        type: 3}
      propertyPath: listPanelPanduan.Array.data[2]
      value: 
      objectReference: {fileID: 1030744309}
    - target: {fileID: 6085808210373478364, guid: 2af3da1ec0425ff45a4e5aec07aab2b4,
        type: 3}
      propertyPath: buttonPause
      value: 
      objectReference: {fileID: 1791445793}
    - target: {fileID: 6085808210373478364, guid: 2af3da1ec0425ff45a4e5aec07aab2b4,
        type: 3}
      propertyPath: panelPOI
      value: 
      objectReference: {fileID: 1769619637}
    - target: {fileID: 6085808210373478364, guid: 2af3da1ec0425ff45a4e5aec07aab2b4,
        type: 3}
      propertyPath: namaPOI
      value: 
      objectReference: {fileID: 420854719}
    - target: {fileID: 6085808210373478364, guid: 2af3da1ec0425ff45a4e5aec07aab2b4,
        type: 3}
      propertyPath: deskripsiPOI
      value: 
      objectReference: {fileID: 1187500679}
    - target: {fileID: 6085808210373478364, guid: 2af3da1ec0425ff45a4e5aec07aab2b4,
        type: 3}
      propertyPath: listSubPanelPOI.Array.data[0]
      value: 
      objectReference: {fileID: 787820371}
    - target: {fileID: 6085808210373478364, guid: 2af3da1ec0425ff45a4e5aec07aab2b4,
        type: 3}
      propertyPath: listSubPanelPOI.Array.data[1]
      value: 
      objectReference: {fileID: 1281513697}
    - target: {fileID: 6085808210373478364, guid: 2af3da1ec0425ff45a4e5aec07aab2b4,
        type: 3}
      propertyPath: buttonNextPanelPOI
      value: 
      objectReference: {fileID: 1966576277}
    - target: {fileID: 6085808210373478364, guid: 2af3da1ec0425ff45a4e5aec07aab2b4,
        type: 3}
      propertyPath: buttonBackPanelPOI
      value: 
      objectReference: {fileID: 1102340868}
    - target: {fileID: 6085808210998318648, guid: 2af3da1ec0425ff45a4e5aec07aab2b4,
        type: 3}
      propertyPath: m_LocalPosition.x
      value: -8.68
      objectReference: {fileID: 0}
    - target: {fileID: 6085808210998318648, guid: 2af3da1ec0425ff45a4e5aec07aab2b4,
        type: 3}
      propertyPath: m_LocalPosition.y
      value: 3
      objectReference: {fileID: 0}
    - target: {fileID: 6085808210998318648, guid: 2af3da1ec0425ff45a4e5aec07aab2b4,
        type: 3}
      propertyPath: m_LocalPosition.z
      value: -15.45
      objectReference: {fileID: 0}
    - target: {fileID: 6085808210998318648, guid: 2af3da1ec0425ff45a4e5aec07aab2b4,
        type: 3}
      propertyPath: m_LocalRotation.x
      value: 0
      objectReference: {fileID: 0}
    - target: {fileID: 6085808210998318648, guid: 2af3da1ec0425ff45a4e5aec07aab2b4,
        type: 3}
      propertyPath: m_LocalRotation.y
      value: 0
      objectReference: {fileID: 0}
    - target: {fileID: 6085808210998318648, guid: 2af3da1ec0425ff45a4e5aec07aab2b4,
        type: 3}
      propertyPath: m_LocalRotation.z
      value: 0
      objectReference: {fileID: 0}
    - target: {fileID: 6085808210998318648, guid: 2af3da1ec0425ff45a4e5aec07aab2b4,
        type: 3}
      propertyPath: m_LocalRotation.w
      value: 1
      objectReference: {fileID: 0}
    - target: {fileID: 6085808210998318648, guid: 2af3da1ec0425ff45a4e5aec07aab2b4,
        type: 3}
      propertyPath: m_RootOrder
      value: 5
      objectReference: {fileID: 0}
    - target: {fileID: 6085808210998318648, guid: 2af3da1ec0425ff45a4e5aec07aab2b4,
        type: 3}
      propertyPath: m_LocalEulerAnglesHint.x
      value: 0
      objectReference: {fileID: 0}
    - target: {fileID: 6085808210998318648, guid: 2af3da1ec0425ff45a4e5aec07aab2b4,
        type: 3}
      propertyPath: m_LocalEulerAnglesHint.y
      value: 0
      objectReference: {fileID: 0}
    - target: {fileID: 6085808210998318648, guid: 2af3da1ec0425ff45a4e5aec07aab2b4,
        type: 3}
      propertyPath: m_LocalEulerAnglesHint.z
      value: 0
      objectReference: {fileID: 0}
    - target: {fileID: 6085808210998318651, guid: 2af3da1ec0425ff45a4e5aec07aab2b4,
        type: 3}
      propertyPath: m_Name
      value: Player Camera
      objectReference: {fileID: 0}
    m_RemovedComponents: []
  m_SourcePrefab: {fileID: 100100000, guid: 2af3da1ec0425ff45a4e5aec07aab2b4, type: 3}
--- !u!1 &560853472
GameObject:
  m_ObjectHideFlags: 0
  m_CorrespondingSourceObject: {fileID: 0}
  m_PrefabInstance: {fileID: 0}
  m_PrefabAsset: {fileID: 0}
  serializedVersion: 6
  m_Component:
  - component: {fileID: 560853473}
  - component: {fileID: 560853476}
  - component: {fileID: 560853475}
  - component: {fileID: 560853474}
  m_Layer: 0
  m_Name: Wall
  m_TagString: Untagged
  m_Icon: {fileID: 0}
  m_NavMeshLayer: 0
  m_StaticEditorFlags: 0
  m_IsActive: 1
--- !u!4 &560853473
Transform:
  m_ObjectHideFlags: 0
  m_CorrespondingSourceObject: {fileID: 0}
  m_PrefabInstance: {fileID: 0}
  m_PrefabAsset: {fileID: 0}
  m_GameObject: {fileID: 560853472}
  m_LocalRotation: {x: -0, y: -0, z: -0.70710677, w: 0.7071068}
  m_LocalPosition: {x: -16.08, y: 0, z: -7.9}
  m_LocalScale: {x: 3.0937, y: 3.0937, z: 3.0937}
  m_Children: []
  m_Father: {fileID: 446552817}
  m_RootOrder: 5
  m_LocalEulerAnglesHint: {x: 0, y: 0, z: -90.00001}
--- !u!64 &560853474
MeshCollider:
  m_ObjectHideFlags: 0
  m_CorrespondingSourceObject: {fileID: 0}
  m_PrefabInstance: {fileID: 0}
  m_PrefabAsset: {fileID: 0}
  m_GameObject: {fileID: 560853472}
  m_Material: {fileID: 0}
  m_IsTrigger: 0
  m_Enabled: 1
  serializedVersion: 4
  m_Convex: 0
  m_CookingOptions: 30
  m_Mesh: {fileID: 10209, guid: 0000000000000000e000000000000000, type: 0}
--- !u!23 &560853475
MeshRenderer:
  m_ObjectHideFlags: 0
  m_CorrespondingSourceObject: {fileID: 0}
  m_PrefabInstance: {fileID: 0}
  m_PrefabAsset: {fileID: 0}
  m_GameObject: {fileID: 560853472}
  m_Enabled: 1
  m_CastShadows: 1
  m_ReceiveShadows: 1
  m_DynamicOccludee: 1
  m_MotionVectors: 1
  m_LightProbeUsage: 1
  m_ReflectionProbeUsage: 1
  m_RayTracingMode: 2
  m_RayTraceProcedural: 0
  m_RenderingLayerMask: 1
  m_RendererPriority: 0
  m_Materials:
  - {fileID: 10303, guid: 0000000000000000f000000000000000, type: 0}
  m_StaticBatchInfo:
    firstSubMesh: 0
    subMeshCount: 0
  m_StaticBatchRoot: {fileID: 0}
  m_ProbeAnchor: {fileID: 0}
  m_LightProbeVolumeOverride: {fileID: 0}
  m_ScaleInLightmap: 1
  m_ReceiveGI: 1
  m_PreserveUVs: 0
  m_IgnoreNormalsForChartDetection: 0
  m_ImportantGI: 0
  m_StitchLightmapSeams: 1
  m_SelectedEditorRenderState: 3
  m_MinimumChartSize: 4
  m_AutoUVMaxDistance: 0.5
  m_AutoUVMaxAngle: 89
  m_LightmapParameters: {fileID: 0}
  m_SortingLayerID: 0
  m_SortingLayer: 0
  m_SortingOrder: 0
  m_AdditionalVertexStreams: {fileID: 0}
--- !u!33 &560853476
MeshFilter:
  m_ObjectHideFlags: 0
  m_CorrespondingSourceObject: {fileID: 0}
  m_PrefabInstance: {fileID: 0}
  m_PrefabAsset: {fileID: 0}
  m_GameObject: {fileID: 560853472}
  m_Mesh: {fileID: 10209, guid: 0000000000000000e000000000000000, type: 0}
--- !u!1 &621654506 stripped
GameObject:
  m_CorrespondingSourceObject: {fileID: 6085808210998318651, guid: 2af3da1ec0425ff45a4e5aec07aab2b4,
    type: 3}
  m_PrefabInstance: {fileID: 488748733}
  m_PrefabAsset: {fileID: 0}
--- !u!114 &621654509
MonoBehaviour:
  m_ObjectHideFlags: 0
  m_CorrespondingSourceObject: {fileID: 0}
  m_PrefabInstance: {fileID: 0}
  m_PrefabAsset: {fileID: 0}
  m_GameObject: {fileID: 621654506}
  m_Enabled: 1
  m_EditorHideFlags: 0
  m_Script: {fileID: 11500000, guid: a79441f348de89743a2939f4d699eac1, type: 3}
  m_Name: 
  m_EditorClassIdentifier: 
  m_RenderShadows: 1
  m_RequiresDepthTextureOption: 2
  m_RequiresOpaqueTextureOption: 2
  m_CameraType: 0
  m_Cameras: []
  m_RendererIndex: -1
  m_VolumeLayerMask:
    serializedVersion: 2
    m_Bits: 1
  m_VolumeTrigger: {fileID: 0}
  m_RenderPostProcessing: 1
  m_Antialiasing: 1
  m_AntialiasingQuality: 2
  m_StopNaN: 0
  m_Dithering: 0
  m_ClearDepth: 1
  m_RequiresDepthTexture: 0
  m_RequiresColorTexture: 0
  m_Version: 2
--- !u!224 &787820371 stripped
RectTransform:
  m_CorrespondingSourceObject: {fileID: 250123217363557662, guid: 0e5e8127cf519444db7ce6a290561798,
    type: 3}
  m_PrefabInstance: {fileID: 1098898913}
  m_PrefabAsset: {fileID: 0}
--- !u!1 &792199667
GameObject:
  m_ObjectHideFlags: 0
  m_CorrespondingSourceObject: {fileID: 0}
  m_PrefabInstance: {fileID: 0}
  m_PrefabAsset: {fileID: 0}
  serializedVersion: 6
  m_Component:
  - component: {fileID: 792199668}
  - component: {fileID: 792199671}
  - component: {fileID: 792199670}
  - component: {fileID: 792199669}
  m_Layer: 0
  m_Name: Ground
  m_TagString: Untagged
  m_Icon: {fileID: 0}
  m_NavMeshLayer: 0
  m_StaticEditorFlags: 0
  m_IsActive: 1
--- !u!4 &792199668
Transform:
  m_ObjectHideFlags: 0
  m_CorrespondingSourceObject: {fileID: 0}
  m_PrefabInstance: {fileID: 0}
  m_PrefabAsset: {fileID: 0}
  m_GameObject: {fileID: 792199667}
  m_LocalRotation: {x: 0, y: 0, z: 0, w: 1}
  m_LocalPosition: {x: -0.83, y: 0, z: -7.9}
  m_LocalScale: {x: 3.0937, y: 3.0937, z: 3.0937}
  m_Children: []
  m_Father: {fileID: 446552817}
  m_RootOrder: 1
  m_LocalEulerAnglesHint: {x: 0, y: 0, z: 0}
--- !u!64 &792199669
MeshCollider:
  m_ObjectHideFlags: 0
  m_CorrespondingSourceObject: {fileID: 0}
  m_PrefabInstance: {fileID: 0}
  m_PrefabAsset: {fileID: 0}
  m_GameObject: {fileID: 792199667}
  m_Material: {fileID: 0}
  m_IsTrigger: 0
  m_Enabled: 1
  serializedVersion: 4
  m_Convex: 0
  m_CookingOptions: 30
  m_Mesh: {fileID: 10209, guid: 0000000000000000e000000000000000, type: 0}
--- !u!23 &792199670
MeshRenderer:
  m_ObjectHideFlags: 0
  m_CorrespondingSourceObject: {fileID: 0}
  m_PrefabInstance: {fileID: 0}
  m_PrefabAsset: {fileID: 0}
  m_GameObject: {fileID: 792199667}
  m_Enabled: 1
  m_CastShadows: 1
  m_ReceiveShadows: 1
  m_DynamicOccludee: 1
  m_MotionVectors: 1
  m_LightProbeUsage: 1
  m_ReflectionProbeUsage: 1
  m_RayTracingMode: 2
  m_RayTraceProcedural: 0
  m_RenderingLayerMask: 1
  m_RendererPriority: 0
  m_Materials:
  - {fileID: 10303, guid: 0000000000000000f000000000000000, type: 0}
  m_StaticBatchInfo:
    firstSubMesh: 0
    subMeshCount: 0
  m_StaticBatchRoot: {fileID: 0}
  m_ProbeAnchor: {fileID: 0}
  m_LightProbeVolumeOverride: {fileID: 0}
  m_ScaleInLightmap: 1
  m_ReceiveGI: 1
  m_PreserveUVs: 0
  m_IgnoreNormalsForChartDetection: 0
  m_ImportantGI: 0
  m_StitchLightmapSeams: 1
  m_SelectedEditorRenderState: 3
  m_MinimumChartSize: 4
  m_AutoUVMaxDistance: 0.5
  m_AutoUVMaxAngle: 89
  m_LightmapParameters: {fileID: 0}
  m_SortingLayerID: 0
  m_SortingLayer: 0
  m_SortingOrder: 0
  m_AdditionalVertexStreams: {fileID: 0}
--- !u!33 &792199671
MeshFilter:
  m_ObjectHideFlags: 0
  m_CorrespondingSourceObject: {fileID: 0}
  m_PrefabInstance: {fileID: 0}
  m_PrefabAsset: {fileID: 0}
  m_GameObject: {fileID: 792199667}
  m_Mesh: {fileID: 10209, guid: 0000000000000000e000000000000000, type: 0}
--- !u!1001 &811179037
PrefabInstance:
  m_ObjectHideFlags: 0
  serializedVersion: 2
  m_Modification:
    m_TransformParent: {fileID: 0}
    m_Modifications:
    - target: {fileID: 3085734700434361053, guid: fcd3543d5302d7b4aa2551630b1e490a,
        type: 3}
      propertyPath: m_OnClick.m_PersistentCalls.m_Calls.Array.data[0].m_Target
      value: 
      objectReference: {fileID: 2142380824}
    - target: {fileID: 4546102899335098597, guid: fcd3543d5302d7b4aa2551630b1e490a,
        type: 3}
      propertyPath: m_Name
      value: Whole Screen Canvas
      objectReference: {fileID: 0}
    - target: {fileID: 4546102899335098601, guid: fcd3543d5302d7b4aa2551630b1e490a,
        type: 3}
      propertyPath: m_LocalPosition.x
      value: 0
      objectReference: {fileID: 0}
    - target: {fileID: 4546102899335098601, guid: fcd3543d5302d7b4aa2551630b1e490a,
        type: 3}
      propertyPath: m_LocalPosition.y
      value: 0
      objectReference: {fileID: 0}
    - target: {fileID: 4546102899335098601, guid: fcd3543d5302d7b4aa2551630b1e490a,
        type: 3}
      propertyPath: m_LocalPosition.z
      value: 0
      objectReference: {fileID: 0}
    - target: {fileID: 4546102899335098601, guid: fcd3543d5302d7b4aa2551630b1e490a,
        type: 3}
      propertyPath: m_LocalRotation.x
      value: 0
      objectReference: {fileID: 0}
    - target: {fileID: 4546102899335098601, guid: fcd3543d5302d7b4aa2551630b1e490a,
        type: 3}
      propertyPath: m_LocalRotation.y
      value: 0
      objectReference: {fileID: 0}
    - target: {fileID: 4546102899335098601, guid: fcd3543d5302d7b4aa2551630b1e490a,
        type: 3}
      propertyPath: m_LocalRotation.z
      value: 0
      objectReference: {fileID: 0}
    - target: {fileID: 4546102899335098601, guid: fcd3543d5302d7b4aa2551630b1e490a,
        type: 3}
      propertyPath: m_LocalRotation.w
      value: 1
      objectReference: {fileID: 0}
    - target: {fileID: 4546102899335098601, guid: fcd3543d5302d7b4aa2551630b1e490a,
        type: 3}
      propertyPath: m_RootOrder
      value: 6
      objectReference: {fileID: 0}
    - target: {fileID: 4546102899335098601, guid: fcd3543d5302d7b4aa2551630b1e490a,
        type: 3}
      propertyPath: m_LocalEulerAnglesHint.x
      value: 0
      objectReference: {fileID: 0}
    - target: {fileID: 4546102899335098601, guid: fcd3543d5302d7b4aa2551630b1e490a,
        type: 3}
      propertyPath: m_LocalEulerAnglesHint.y
      value: 0
      objectReference: {fileID: 0}
    - target: {fileID: 4546102899335098601, guid: fcd3543d5302d7b4aa2551630b1e490a,
        type: 3}
      propertyPath: m_LocalEulerAnglesHint.z
      value: 0
      objectReference: {fileID: 0}
    - target: {fileID: 4546102899335098601, guid: fcd3543d5302d7b4aa2551630b1e490a,
        type: 3}
      propertyPath: m_AnchoredPosition.x
      value: 0
      objectReference: {fileID: 0}
    - target: {fileID: 4546102899335098601, guid: fcd3543d5302d7b4aa2551630b1e490a,
        type: 3}
      propertyPath: m_AnchoredPosition.y
      value: 0
      objectReference: {fileID: 0}
    - target: {fileID: 4546102899335098601, guid: fcd3543d5302d7b4aa2551630b1e490a,
        type: 3}
      propertyPath: m_SizeDelta.x
      value: 0
      objectReference: {fileID: 0}
    - target: {fileID: 4546102899335098601, guid: fcd3543d5302d7b4aa2551630b1e490a,
        type: 3}
      propertyPath: m_SizeDelta.y
      value: 0
      objectReference: {fileID: 0}
    - target: {fileID: 4546102899335098601, guid: fcd3543d5302d7b4aa2551630b1e490a,
        type: 3}
      propertyPath: m_AnchorMin.x
      value: 0
      objectReference: {fileID: 0}
    - target: {fileID: 4546102899335098601, guid: fcd3543d5302d7b4aa2551630b1e490a,
        type: 3}
      propertyPath: m_AnchorMin.y
      value: 0
      objectReference: {fileID: 0}
    - target: {fileID: 4546102899335098601, guid: fcd3543d5302d7b4aa2551630b1e490a,
        type: 3}
      propertyPath: m_AnchorMax.x
      value: 0
      objectReference: {fileID: 0}
    - target: {fileID: 4546102899335098601, guid: fcd3543d5302d7b4aa2551630b1e490a,
        type: 3}
      propertyPath: m_AnchorMax.y
      value: 0
      objectReference: {fileID: 0}
    - target: {fileID: 4546102899335098601, guid: fcd3543d5302d7b4aa2551630b1e490a,
        type: 3}
      propertyPath: m_Pivot.x
      value: 0
      objectReference: {fileID: 0}
    - target: {fileID: 4546102899335098601, guid: fcd3543d5302d7b4aa2551630b1e490a,
        type: 3}
      propertyPath: m_Pivot.y
      value: 0
      objectReference: {fileID: 0}
    - target: {fileID: 4546102900153586360, guid: fcd3543d5302d7b4aa2551630b1e490a,
        type: 3}
      propertyPath: m_OnClick.m_PersistentCalls.m_Calls.Array.data[0].m_Target
      value: 
      objectReference: {fileID: 955207853}
    - target: {fileID: 4546102900153586360, guid: fcd3543d5302d7b4aa2551630b1e490a,
        type: 3}
      propertyPath: m_OnClick.m_PersistentCalls.m_Calls.Array.data[0].m_MethodName
      value: LoadScene
      objectReference: {fileID: 0}
    - target: {fileID: 4546102900153586360, guid: fcd3543d5302d7b4aa2551630b1e490a,
        type: 3}
      propertyPath: m_OnClick.m_PersistentCalls.m_Calls.Array.data[0].m_Arguments.m_ObjectArgumentAssemblyTypeName
      value: UnityEngine.Object, UnityEngine
      objectReference: {fileID: 0}
    - target: {fileID: 4546102900489365874, guid: fcd3543d5302d7b4aa2551630b1e490a,
        type: 3}
      propertyPath: m_OnClick.m_PersistentCalls.m_Calls.Array.data[0].m_Target
      value: 
      objectReference: {fileID: 2142380824}
    - target: {fileID: 6096523801279348506, guid: fcd3543d5302d7b4aa2551630b1e490a,
        type: 3}
      propertyPath: m_OnClick.m_PersistentCalls.m_Calls.Array.data[1].m_Target
      value: 
      objectReference: {fileID: 2142380824}
    m_RemovedComponents: []
  m_SourcePrefab: {fileID: 100100000, guid: fcd3543d5302d7b4aa2551630b1e490a, type: 3}
--- !u!1 &934537429
GameObject:
  m_ObjectHideFlags: 0
  m_CorrespondingSourceObject: {fileID: 0}
  m_PrefabInstance: {fileID: 0}
  m_PrefabAsset: {fileID: 0}
  serializedVersion: 6
  m_Component:
  - component: {fileID: 934537430}
  - component: {fileID: 934537432}
  - component: {fileID: 934537431}
  m_Layer: 5
  m_Name: Text (TMP) Loading
  m_TagString: Untagged
  m_Icon: {fileID: 0}
  m_NavMeshLayer: 0
  m_StaticEditorFlags: 0
  m_IsActive: 1
--- !u!224 &934537430
RectTransform:
  m_ObjectHideFlags: 0
  m_CorrespondingSourceObject: {fileID: 0}
  m_PrefabInstance: {fileID: 0}
  m_PrefabAsset: {fileID: 0}
  m_GameObject: {fileID: 934537429}
  m_LocalRotation: {x: -0, y: -0, z: -0, w: 1}
  m_LocalPosition: {x: 0, y: 0, z: 0}
  m_LocalScale: {x: 1, y: 1, z: 1}
  m_Children: []
  m_Father: {fileID: 2047449008}
  m_RootOrder: 4
  m_LocalEulerAnglesHint: {x: 0, y: 0, z: 0}
  m_AnchorMin: {x: 0.5, y: 0.5}
  m_AnchorMax: {x: 0.5, y: 0.5}
  m_AnchoredPosition: {x: 0, y: -234.99997}
  m_SizeDelta: {x: 200, y: 50}
  m_Pivot: {x: 0.5, y: 0.5}
--- !u!114 &934537431
MonoBehaviour:
  m_ObjectHideFlags: 0
  m_CorrespondingSourceObject: {fileID: 0}
  m_PrefabInstance: {fileID: 0}
  m_PrefabAsset: {fileID: 0}
  m_GameObject: {fileID: 934537429}
  m_Enabled: 1
  m_EditorHideFlags: 0
  m_Script: {fileID: 11500000, guid: f4688fdb7df04437aeb418b961361dc5, type: 3}
  m_Name: 
  m_EditorClassIdentifier: 
  m_Material: {fileID: 0}
  m_Color: {r: 1, g: 1, b: 1, a: 1}
  m_RaycastTarget: 1
  m_RaycastPadding: {x: 0, y: 0, z: 0, w: 0}
  m_Maskable: 1
  m_OnCullStateChanged:
    m_PersistentCalls:
      m_Calls: []
  m_text: Memuat...
  m_isRightToLeft: 0
  m_fontAsset: {fileID: 11400000, guid: 8f586378b4e144a9851e7b34d9b748ee, type: 2}
  m_sharedMaterial: {fileID: 2180264, guid: 8f586378b4e144a9851e7b34d9b748ee, type: 2}
  m_fontSharedMaterials: []
  m_fontMaterial: {fileID: 0}
  m_fontMaterials: []
  m_fontColor32:
    serializedVersion: 2
    rgba: 16777215
  m_fontColor: {r: 1, g: 1, b: 1, a: 0}
  m_enableVertexGradient: 0
  m_colorMode: 3
  m_fontColorGradient:
    topLeft: {r: 1, g: 1, b: 1, a: 1}
    topRight: {r: 1, g: 1, b: 1, a: 1}
    bottomLeft: {r: 1, g: 1, b: 1, a: 1}
    bottomRight: {r: 1, g: 1, b: 1, a: 1}
  m_fontColorGradientPreset: {fileID: 0}
  m_spriteAsset: {fileID: 0}
  m_tintAllSprites: 0
  m_StyleSheet: {fileID: 0}
  m_TextStyleHashCode: -1183493901
  m_overrideHtmlColors: 0
  m_faceColor:
    serializedVersion: 2
    rgba: 4294967295
  m_fontSize: 36
  m_fontSizeBase: 36
  m_fontWeight: 400
  m_enableAutoSizing: 0
  m_fontSizeMin: 18
  m_fontSizeMax: 72
  m_fontStyle: 0
  m_HorizontalAlignment: 2
  m_VerticalAlignment: 512
  m_textAlignment: 65535
  m_characterSpacing: 0
  m_wordSpacing: 0
  m_lineSpacing: 0
  m_lineSpacingMax: 0
  m_paragraphSpacing: 0
  m_charWidthMaxAdj: 0
  m_enableWordWrapping: 1
  m_wordWrappingRatios: 0.4
  m_overflowMode: 0
  m_linkedTextComponent: {fileID: 0}
  parentLinkedComponent: {fileID: 0}
  m_enableKerning: 1
  m_enableExtraPadding: 0
  checkPaddingRequired: 0
  m_isRichText: 1
  m_parseCtrlCharacters: 1
  m_isOrthographic: 1
  m_isCullingEnabled: 0
  m_horizontalMapping: 0
  m_verticalMapping: 0
  m_uvLineOffset: 0
  m_geometrySortingOrder: 0
  m_IsTextObjectScaleStatic: 0
  m_VertexBufferAutoSizeReduction: 1
  m_useMaxVisibleDescender: 1
  m_pageToDisplay: 1
  m_margin: {x: 0, y: 0, z: 0, w: 0}
  m_isUsingLegacyAnimationComponent: 0
  m_isVolumetricText: 0
  m_hasFontAssetChanged: 0
  m_baseMaterial: {fileID: 0}
  m_maskOffset: {x: 0, y: 0, z: 0, w: 0}
--- !u!222 &934537432
CanvasRenderer:
  m_ObjectHideFlags: 0
  m_CorrespondingSourceObject: {fileID: 0}
  m_PrefabInstance: {fileID: 0}
  m_PrefabAsset: {fileID: 0}
  m_GameObject: {fileID: 934537429}
  m_CullTransparentMesh: 0
--- !u!1 &955207852
GameObject:
  m_ObjectHideFlags: 0
  m_CorrespondingSourceObject: {fileID: 0}
  m_PrefabInstance: {fileID: 0}
  m_PrefabAsset: {fileID: 0}
  serializedVersion: 6
  m_Component:
  - component: {fileID: 955207854}
  - component: {fileID: 955207853}
  m_Layer: 0
  m_Name: Scene Loader
  m_TagString: Untagged
  m_Icon: {fileID: 0}
  m_NavMeshLayer: 0
  m_StaticEditorFlags: 0
  m_IsActive: 1
--- !u!114 &955207853
MonoBehaviour:
  m_ObjectHideFlags: 0
  m_CorrespondingSourceObject: {fileID: 0}
  m_PrefabInstance: {fileID: 0}
  m_PrefabAsset: {fileID: 0}
  m_GameObject: {fileID: 955207852}
  m_Enabled: 1
  m_EditorHideFlags: 0
  m_Script: {fileID: 11500000, guid: ad0f807c1c09d2b4a8c66edcc781e4cc, type: 3}
  m_Name: 
  m_EditorClassIdentifier: 
  scene: 0
  loadingText: {fileID: 934537431}
--- !u!4 &955207854
Transform:
  m_ObjectHideFlags: 0
  m_CorrespondingSourceObject: {fileID: 0}
  m_PrefabInstance: {fileID: 0}
  m_PrefabAsset: {fileID: 0}
  m_GameObject: {fileID: 955207852}
  m_LocalRotation: {x: 0, y: 0, z: 0, w: 1}
  m_LocalPosition: {x: 427.5, y: 240.5, z: 0}
  m_LocalScale: {x: 1, y: 1, z: 1}
  m_Children: []
  m_Father: {fileID: 0}
  m_RootOrder: 4
  m_LocalEulerAnglesHint: {x: 0, y: 0, z: 0}
--- !u!224 &1030744309 stripped
RectTransform:
  m_CorrespondingSourceObject: {fileID: 1689140767899682132, guid: fcd3543d5302d7b4aa2551630b1e490a,
    type: 3}
  m_PrefabInstance: {fileID: 811179037}
  m_PrefabAsset: {fileID: 0}
--- !u!4 &1087018340 stripped
Transform:
  m_CorrespondingSourceObject: {fileID: 3581061029126423844, guid: d5f0658e9c5e84446879df87884913a0,
    type: 3}
  m_PrefabInstance: {fileID: 1380634495}
  m_PrefabAsset: {fileID: 0}
--- !u!1001 &1098898913
PrefabInstance:
  m_ObjectHideFlags: 0
  serializedVersion: 2
  m_Modification:
    m_TransformParent: {fileID: 0}
    m_Modifications:
    - target: {fileID: 250123216625191242, guid: 0e5e8127cf519444db7ce6a290561798,
        type: 3}
      propertyPath: m_LocalPosition.x
      value: 0
      objectReference: {fileID: 0}
    - target: {fileID: 250123216625191242, guid: 0e5e8127cf519444db7ce6a290561798,
        type: 3}
      propertyPath: m_LocalPosition.y
      value: 0
      objectReference: {fileID: 0}
    - target: {fileID: 250123216625191242, guid: 0e5e8127cf519444db7ce6a290561798,
        type: 3}
      propertyPath: m_LocalPosition.z
      value: 0
      objectReference: {fileID: 0}
    - target: {fileID: 250123216625191242, guid: 0e5e8127cf519444db7ce6a290561798,
        type: 3}
      propertyPath: m_LocalRotation.x
      value: 0
      objectReference: {fileID: 0}
    - target: {fileID: 250123216625191242, guid: 0e5e8127cf519444db7ce6a290561798,
        type: 3}
      propertyPath: m_LocalRotation.y
      value: 0
      objectReference: {fileID: 0}
    - target: {fileID: 250123216625191242, guid: 0e5e8127cf519444db7ce6a290561798,
        type: 3}
      propertyPath: m_LocalRotation.z
      value: 0
      objectReference: {fileID: 0}
    - target: {fileID: 250123216625191242, guid: 0e5e8127cf519444db7ce6a290561798,
        type: 3}
      propertyPath: m_LocalRotation.w
      value: 1
      objectReference: {fileID: 0}
    - target: {fileID: 250123216625191242, guid: 0e5e8127cf519444db7ce6a290561798,
        type: 3}
      propertyPath: m_RootOrder
      value: 7
      objectReference: {fileID: 0}
    - target: {fileID: 250123216625191242, guid: 0e5e8127cf519444db7ce6a290561798,
        type: 3}
      propertyPath: m_LocalEulerAnglesHint.x
      value: 0
      objectReference: {fileID: 0}
    - target: {fileID: 250123216625191242, guid: 0e5e8127cf519444db7ce6a290561798,
        type: 3}
      propertyPath: m_LocalEulerAnglesHint.y
      value: 0
      objectReference: {fileID: 0}
    - target: {fileID: 250123216625191242, guid: 0e5e8127cf519444db7ce6a290561798,
        type: 3}
      propertyPath: m_LocalEulerAnglesHint.z
      value: 0
      objectReference: {fileID: 0}
    - target: {fileID: 250123216625191242, guid: 0e5e8127cf519444db7ce6a290561798,
        type: 3}
      propertyPath: m_AnchoredPosition.x
      value: 0
      objectReference: {fileID: 0}
    - target: {fileID: 250123216625191242, guid: 0e5e8127cf519444db7ce6a290561798,
        type: 3}
      propertyPath: m_AnchoredPosition.y
      value: 0
      objectReference: {fileID: 0}
    - target: {fileID: 250123216625191242, guid: 0e5e8127cf519444db7ce6a290561798,
        type: 3}
      propertyPath: m_SizeDelta.x
      value: 0
      objectReference: {fileID: 0}
    - target: {fileID: 250123216625191242, guid: 0e5e8127cf519444db7ce6a290561798,
        type: 3}
      propertyPath: m_SizeDelta.y
      value: 0
      objectReference: {fileID: 0}
    - target: {fileID: 250123216625191242, guid: 0e5e8127cf519444db7ce6a290561798,
        type: 3}
      propertyPath: m_AnchorMin.x
      value: 0
      objectReference: {fileID: 0}
    - target: {fileID: 250123216625191242, guid: 0e5e8127cf519444db7ce6a290561798,
        type: 3}
      propertyPath: m_AnchorMin.y
      value: 0
      objectReference: {fileID: 0}
    - target: {fileID: 250123216625191242, guid: 0e5e8127cf519444db7ce6a290561798,
        type: 3}
      propertyPath: m_AnchorMax.x
      value: 0
      objectReference: {fileID: 0}
    - target: {fileID: 250123216625191242, guid: 0e5e8127cf519444db7ce6a290561798,
        type: 3}
      propertyPath: m_AnchorMax.y
      value: 0
      objectReference: {fileID: 0}
    - target: {fileID: 250123216625191242, guid: 0e5e8127cf519444db7ce6a290561798,
        type: 3}
      propertyPath: m_Pivot.x
      value: 0
      objectReference: {fileID: 0}
    - target: {fileID: 250123216625191242, guid: 0e5e8127cf519444db7ce6a290561798,
        type: 3}
      propertyPath: m_Pivot.y
      value: 0
      objectReference: {fileID: 0}
    - target: {fileID: 250123216625191246, guid: 0e5e8127cf519444db7ce6a290561798,
        type: 3}
      propertyPath: m_Name
      value: POI Canvas
      objectReference: {fileID: 0}
    - target: {fileID: 250123217051922060, guid: 0e5e8127cf519444db7ce6a290561798,
        type: 3}
      propertyPath: m_text
      value: Tutup
      objectReference: {fileID: 0}
    - target: {fileID: 250123217317205396, guid: 0e5e8127cf519444db7ce6a290561798,
        type: 3}
      propertyPath: m_Name
      value: Button Berikut
      objectReference: {fileID: 0}
    - target: {fileID: 250123217401752006, guid: 0e5e8127cf519444db7ce6a290561798,
        type: 3}
      propertyPath: m_HorizontalAlignment
      value: 8
      objectReference: {fileID: 0}
    - target: {fileID: 250123217496987465, guid: 0e5e8127cf519444db7ce6a290561798,
        type: 3}
      propertyPath: m_text
      value: Berikut
      objectReference: {fileID: 0}
    - target: {fileID: 250123217654053059, guid: 0e5e8127cf519444db7ce6a290561798,
        type: 3}
      propertyPath: m_Name
      value: Button Tutup
      objectReference: {fileID: 0}
    - target: {fileID: 250123218513833533, guid: 0e5e8127cf519444db7ce6a290561798,
        type: 3}
      propertyPath: m_IsActive
      value: 0
      objectReference: {fileID: 0}
    - target: {fileID: 522269555104496989, guid: 0e5e8127cf519444db7ce6a290561798,
        type: 3}
      propertyPath: m_Name
      value: Button Kembali
      objectReference: {fileID: 0}
    - target: {fileID: 1597330176213360578, guid: 0e5e8127cf519444db7ce6a290561798,
        type: 3}
      propertyPath: m_text
      value: Kembali
      objectReference: {fileID: 0}
    - target: {fileID: 2489905539921459320, guid: 0e5e8127cf519444db7ce6a290561798,
        type: 3}
      propertyPath: m_HorizontalAlignment
      value: 8
      objectReference: {fileID: 0}
    - target: {fileID: 7329224959504144615, guid: 0e5e8127cf519444db7ce6a290561798,
        type: 3}
      propertyPath: m_text
      value: judul
      objectReference: {fileID: 0}
    m_RemovedComponents: []
  m_SourcePrefab: {fileID: 100100000, guid: 0e5e8127cf519444db7ce6a290561798, type: 3}
--- !u!1 &1102340868 stripped
GameObject:
  m_CorrespondingSourceObject: {fileID: 522269555104496989, guid: 0e5e8127cf519444db7ce6a290561798,
    type: 3}
  m_PrefabInstance: {fileID: 1098898913}
  m_PrefabAsset: {fileID: 0}
--- !u!224 &1115358785 stripped
RectTransform:
  m_CorrespondingSourceObject: {fileID: 6130905479339029234, guid: fcd3543d5302d7b4aa2551630b1e490a,
    type: 3}
  m_PrefabInstance: {fileID: 811179037}
  m_PrefabAsset: {fileID: 0}
--- !u!850595691 &1170779283
LightingSettings:
  m_ObjectHideFlags: 0
  m_CorrespondingSourceObject: {fileID: 0}
  m_PrefabInstance: {fileID: 0}
  m_PrefabAsset: {fileID: 0}
  m_Name: Settings.lighting
  serializedVersion: 2
  m_GIWorkflowMode: 1
  m_EnableBakedLightmaps: 1
  m_EnableRealtimeLightmaps: 0
  m_RealtimeEnvironmentLighting: 1
  m_BounceScale: 1
  m_AlbedoBoost: 1
  m_IndirectOutputScale: 1
  m_UsingShadowmask: 1
  m_BakeBackend: 1
  m_LightmapMaxSize: 1024
  m_BakeResolution: 40
  m_Padding: 2
  m_TextureCompression: 1
  m_AO: 0
  m_AOMaxDistance: 1
  m_CompAOExponent: 1
  m_CompAOExponentDirect: 0
  m_ExtractAO: 0
  m_MixedBakeMode: 2
  m_LightmapsBakeMode: 1
  m_FilterMode: 1
  m_LightmapParameters: {fileID: 0}
  m_ExportTrainingData: 0
  m_TrainingDataDestination: TrainingData
  m_RealtimeResolution: 2
  m_ForceWhiteAlbedo: 0
  m_ForceUpdates: 0
  m_FinalGather: 0
  m_FinalGatherRayCount: 256
  m_FinalGatherFiltering: 1
  m_PVRCulling: 1
  m_PVRSampling: 1
  m_PVRDirectSampleCount: 32
  m_PVRSampleCount: 512
  m_PVREnvironmentSampleCount: 256
  m_PVREnvironmentReferencePointCount: 2048
  m_LightProbeSampleCountMultiplier: 4
  m_PVRBounces: 2
  m_PVRRussianRouletteStartBounce: 2
  m_PVREnvironmentMIS: 1
  m_PVRFilteringMode: 1
  m_PVRDenoiserTypeDirect: 1
  m_PVRDenoiserTypeIndirect: 1
  m_PVRDenoiserTypeAO: 1
  m_PVRFilterTypeDirect: 0
  m_PVRFilterTypeIndirect: 0
  m_PVRFilterTypeAO: 0
  m_PVRFilteringGaussRadiusDirect: 1
  m_PVRFilteringGaussRadiusIndirect: 5
  m_PVRFilteringGaussRadiusAO: 2
  m_PVRFilteringAtrousPositionSigmaDirect: 0.5
  m_PVRFilteringAtrousPositionSigmaIndirect: 2
  m_PVRFilteringAtrousPositionSigmaAO: 1
--- !u!1 &1181495884
GameObject:
  m_ObjectHideFlags: 0
  m_CorrespondingSourceObject: {fileID: 0}
  m_PrefabInstance: {fileID: 0}
  m_PrefabAsset: {fileID: 0}
  serializedVersion: 6
  m_Component:
  - component: {fileID: 1181495886}
  - component: {fileID: 1181495885}
  m_Layer: 0
  m_Name: PointLight
  m_TagString: Untagged
  m_Icon: {fileID: 0}
  m_NavMeshLayer: 0
  m_StaticEditorFlags: 0
  m_IsActive: 1
--- !u!108 &1181495885
Light:
  m_ObjectHideFlags: 0
  m_CorrespondingSourceObject: {fileID: 0}
  m_PrefabInstance: {fileID: 0}
  m_PrefabAsset: {fileID: 0}
  m_GameObject: {fileID: 1181495884}
  m_Enabled: 1
  serializedVersion: 10
  m_Type: 2
  m_Shape: 0
  m_Color: {r: 1, g: 0.95686275, b: 0.8392157, a: 1}
  m_Intensity: 2
  m_Range: 50
  m_SpotAngle: 30
  m_InnerSpotAngle: 21.80208
  m_CookieSize: 10
  m_Shadows:
    m_Type: 2
    m_Resolution: -1
    m_CustomResolution: -1
    m_Strength: 1
    m_Bias: 0.05
    m_NormalBias: 0.4
    m_NearPlane: 0.2
    m_CullingMatrixOverride:
      e00: 1
      e01: 0
      e02: 0
      e03: 0
      e10: 0
      e11: 1
      e12: 0
      e13: 0
      e20: 0
      e21: 0
      e22: 1
      e23: 0
      e30: 0
      e31: 0
      e32: 0
      e33: 1
    m_UseCullingMatrixOverride: 0
  m_Cookie: {fileID: 0}
  m_DrawHalo: 0
  m_Flare: {fileID: 0}
  m_RenderMode: 0
  m_CullingMask:
    serializedVersion: 2
    m_Bits: 4294967295
  m_RenderingLayerMask: 1
  m_Lightmapping: 2
  m_LightShadowCasterMode: 0
  m_AreaSize: {x: 1, y: 1}
  m_BounceIntensity: 1
  m_ColorTemperature: 6570
  m_UseColorTemperature: 0
  m_BoundingSphereOverride: {x: 0, y: 0, z: 0, w: 0}
  m_UseBoundingSphereOverride: 0
  m_ShadowRadius: 0
  m_ShadowAngle: 0
--- !u!4 &1181495886
Transform:
  m_ObjectHideFlags: 0
  m_CorrespondingSourceObject: {fileID: 0}
  m_PrefabInstance: {fileID: 0}
  m_PrefabAsset: {fileID: 0}
  m_GameObject: {fileID: 1181495884}
  m_LocalRotation: {x: 0, y: 0, z: 0, w: 1}
  m_LocalPosition: {x: 0, y: 11, z: -8}
  m_LocalScale: {x: 1, y: 1, z: 1}
  m_Children: []
  m_Father: {fileID: 0}
  m_RootOrder: 3
  m_LocalEulerAnglesHint: {x: 0, y: 0, z: 0}
--- !u!114 &1187500679 stripped
MonoBehaviour:
  m_CorrespondingSourceObject: {fileID: 250123217401752006, guid: 0e5e8127cf519444db7ce6a290561798,
    type: 3}
  m_PrefabInstance: {fileID: 1098898913}
  m_PrefabAsset: {fileID: 0}
  m_GameObject: {fileID: 0}
  m_Enabled: 1
  m_EditorHideFlags: 0
  m_Script: {fileID: 11500000, guid: f4688fdb7df04437aeb418b961361dc5, type: 3}
  m_Name: 
  m_EditorClassIdentifier: 
--- !u!4 &1187539037 stripped
Transform:
  m_CorrespondingSourceObject: {fileID: 585343984972447749, guid: 1159689798799dc42a5e3a8c9afb9353,
    type: 3}
  m_PrefabInstance: {fileID: 1784645409}
  m_PrefabAsset: {fileID: 0}
--- !u!1 &1250177396
GameObject:
  m_ObjectHideFlags: 0
  m_CorrespondingSourceObject: {fileID: 0}
  m_PrefabInstance: {fileID: 0}
  m_PrefabAsset: {fileID: 0}
  serializedVersion: 6
  m_Component:
  - component: {fileID: 1250177397}
  m_Layer: 0
  m_Name: POI List
  m_TagString: Untagged
  m_Icon: {fileID: 0}
  m_NavMeshLayer: 0
  m_StaticEditorFlags: 0
  m_IsActive: 1
--- !u!4 &1250177397
Transform:
  m_ObjectHideFlags: 0
  m_CorrespondingSourceObject: {fileID: 0}
  m_PrefabInstance: {fileID: 0}
  m_PrefabAsset: {fileID: 0}
  m_GameObject: {fileID: 1250177396}
  m_LocalRotation: {x: 0, y: 0, z: 0, w: 1}
  m_LocalPosition: {x: 0, y: 0, z: 0}
  m_LocalScale: {x: 1, y: 1, z: 1}
  m_Children:
  - {fileID: 2086853682}
  - {fileID: 1087018340}
  - {fileID: 1669421478}
  - {fileID: 2107409208}
  - {fileID: 412711556}
  - {fileID: 27417218}
  m_Father: {fileID: 0}
  m_RootOrder: 8
  m_LocalEulerAnglesHint: {x: 0, y: 0, z: 0}
--- !u!224 &1281513697 stripped
RectTransform:
  m_CorrespondingSourceObject: {fileID: 3835253394198084073, guid: 0e5e8127cf519444db7ce6a290561798,
    type: 3}
  m_PrefabInstance: {fileID: 1098898913}
  m_PrefabAsset: {fileID: 0}
--- !u!1001 &1380634495
PrefabInstance:
  m_ObjectHideFlags: 0
  serializedVersion: 2
  m_Modification:
    m_TransformParent: {fileID: 1250177397}
    m_Modifications:
    - target: {fileID: 3581061029126423844, guid: d5f0658e9c5e84446879df87884913a0,
        type: 3}
      propertyPath: m_LocalPosition.x
      value: -4.99
      objectReference: {fileID: 0}
    - target: {fileID: 3581061029126423844, guid: d5f0658e9c5e84446879df87884913a0,
        type: 3}
      propertyPath: m_LocalPosition.y
      value: 0.87
      objectReference: {fileID: 0}
    - target: {fileID: 3581061029126423844, guid: d5f0658e9c5e84446879df87884913a0,
        type: 3}
      propertyPath: m_LocalPosition.z
      value: -4.73
      objectReference: {fileID: 0}
    - target: {fileID: 3581061029126423844, guid: d5f0658e9c5e84446879df87884913a0,
        type: 3}
      propertyPath: m_LocalRotation.x
      value: -0
      objectReference: {fileID: 0}
    - target: {fileID: 3581061029126423844, guid: d5f0658e9c5e84446879df87884913a0,
        type: 3}
      propertyPath: m_LocalRotation.y
      value: 1
      objectReference: {fileID: 0}
    - target: {fileID: 3581061029126423844, guid: d5f0658e9c5e84446879df87884913a0,
        type: 3}
      propertyPath: m_LocalRotation.z
      value: -0
      objectReference: {fileID: 0}
    - target: {fileID: 3581061029126423844, guid: d5f0658e9c5e84446879df87884913a0,
        type: 3}
      propertyPath: m_LocalRotation.w
      value: 0
      objectReference: {fileID: 0}
    - target: {fileID: 3581061029126423844, guid: d5f0658e9c5e84446879df87884913a0,
        type: 3}
      propertyPath: m_RootOrder
      value: 1
      objectReference: {fileID: 0}
    - target: {fileID: 3581061029126423844, guid: d5f0658e9c5e84446879df87884913a0,
        type: 3}
      propertyPath: m_LocalEulerAnglesHint.x
      value: 0
      objectReference: {fileID: 0}
    - target: {fileID: 3581061029126423844, guid: d5f0658e9c5e84446879df87884913a0,
        type: 3}
      propertyPath: m_LocalEulerAnglesHint.y
      value: 180
      objectReference: {fileID: 0}
    - target: {fileID: 3581061029126423844, guid: d5f0658e9c5e84446879df87884913a0,
        type: 3}
      propertyPath: m_LocalEulerAnglesHint.z
      value: 0
      objectReference: {fileID: 0}
    - target: {fileID: 3581061029126423845, guid: d5f0658e9c5e84446879df87884913a0,
        type: 3}
      propertyPath: m_Name
      value: POI 2
      objectReference: {fileID: 0}
    - target: {fileID: 9158687551068003272, guid: d5f0658e9c5e84446879df87884913a0,
        type: 3}
      propertyPath: poiData
      value: 
      objectReference: {fileID: 11400000, guid: 5d3a3012bf3c8c443adddaf29176c377,
        type: 2}
    m_RemovedComponents: []
  m_SourcePrefab: {fileID: 100100000, guid: d5f0658e9c5e84446879df87884913a0, type: 3}
--- !u!4 &1669421478 stripped
Transform:
  m_CorrespondingSourceObject: {fileID: 3581061029126423844, guid: d5f0658e9c5e84446879df87884913a0,
    type: 3}
  m_PrefabInstance: {fileID: 1863101204}
  m_PrefabAsset: {fileID: 0}
--- !u!224 &1769619637 stripped
RectTransform:
  m_CorrespondingSourceObject: {fileID: 250123218513833530, guid: 0e5e8127cf519444db7ce6a290561798,
    type: 3}
  m_PrefabInstance: {fileID: 1098898913}
  m_PrefabAsset: {fileID: 0}
--- !u!1001 &1784645409
PrefabInstance:
  m_ObjectHideFlags: 0
  serializedVersion: 2
  m_Modification:
    m_TransformParent: {fileID: 446552817}
    m_Modifications:
    - target: {fileID: 585343984972447749, guid: 1159689798799dc42a5e3a8c9afb9353,
        type: 3}
      propertyPath: m_LocalPosition.x
      value: 0
      objectReference: {fileID: 0}
    - target: {fileID: 585343984972447749, guid: 1159689798799dc42a5e3a8c9afb9353,
        type: 3}
      propertyPath: m_LocalPosition.y
      value: 0
      objectReference: {fileID: 0}
    - target: {fileID: 585343984972447749, guid: 1159689798799dc42a5e3a8c9afb9353,
        type: 3}
      propertyPath: m_LocalPosition.z
      value: 0
      objectReference: {fileID: 0}
    - target: {fileID: 585343984972447749, guid: 1159689798799dc42a5e3a8c9afb9353,
        type: 3}
      propertyPath: m_LocalRotation.x
      value: -0
      objectReference: {fileID: 0}
    - target: {fileID: 585343984972447749, guid: 1159689798799dc42a5e3a8c9afb9353,
        type: 3}
      propertyPath: m_LocalRotation.y
      value: -0
      objectReference: {fileID: 0}
    - target: {fileID: 585343984972447749, guid: 1159689798799dc42a5e3a8c9afb9353,
        type: 3}
      propertyPath: m_LocalRotation.z
      value: -0
      objectReference: {fileID: 0}
    - target: {fileID: 585343984972447749, guid: 1159689798799dc42a5e3a8c9afb9353,
        type: 3}
      propertyPath: m_LocalRotation.w
      value: 1
      objectReference: {fileID: 0}
    - target: {fileID: 585343984972447749, guid: 1159689798799dc42a5e3a8c9afb9353,
        type: 3}
      propertyPath: m_RootOrder
      value: 0
      objectReference: {fileID: 0}
    - target: {fileID: 585343984972447749, guid: 1159689798799dc42a5e3a8c9afb9353,
        type: 3}
      propertyPath: m_LocalEulerAnglesHint.x
      value: 0
      objectReference: {fileID: 0}
    - target: {fileID: 585343984972447749, guid: 1159689798799dc42a5e3a8c9afb9353,
        type: 3}
      propertyPath: m_LocalEulerAnglesHint.y
      value: 0
      objectReference: {fileID: 0}
    - target: {fileID: 585343984972447749, guid: 1159689798799dc42a5e3a8c9afb9353,
        type: 3}
      propertyPath: m_LocalEulerAnglesHint.z
      value: 0
      objectReference: {fileID: 0}
    - target: {fileID: 4884400956556957063, guid: 1159689798799dc42a5e3a8c9afb9353,
        type: 3}
      propertyPath: m_LocalRotation.x
      value: -0.7071068
      objectReference: {fileID: 0}
    - target: {fileID: 4884400956556957063, guid: 1159689798799dc42a5e3a8c9afb9353,
        type: 3}
      propertyPath: m_LocalRotation.w
      value: 0.7071067
      objectReference: {fileID: 0}
    - target: {fileID: 5731401623521879171, guid: 1159689798799dc42a5e3a8c9afb9353,
        type: 3}
      propertyPath: m_Name
      value: Dummy
      objectReference: {fileID: 0}
    - target: {fileID: 8175684740617458145, guid: 1159689798799dc42a5e3a8c9afb9353,
        type: 3}
      propertyPath: m_LocalRotation.y
      value: -0.17585173
      objectReference: {fileID: 0}
    - target: {fileID: 8175684740617458145, guid: 1159689798799dc42a5e3a8c9afb9353,
        type: 3}
      propertyPath: m_LocalRotation.x
      value: 6.013577e-17
      objectReference: {fileID: 0}
    - target: {fileID: 8175684740617458145, guid: 1159689798799dc42a5e3a8c9afb9353,
        type: 3}
      propertyPath: m_LocalRotation.z
      value: 0.0000000075108
      objectReference: {fileID: 0}
    - target: {fileID: 8175684740617458145, guid: 1159689798799dc42a5e3a8c9afb9353,
        type: 3}
      propertyPath: m_LocalRotation.w
      value: 0.9844167
      objectReference: {fileID: 0}
    m_RemovedComponents: []
  m_SourcePrefab: {fileID: 100100000, guid: 1159689798799dc42a5e3a8c9afb9353, type: 3}
--- !u!224 &1791445793 stripped
RectTransform:
  m_CorrespondingSourceObject: {fileID: 652140412512073833, guid: fcd3543d5302d7b4aa2551630b1e490a,
    type: 3}
  m_PrefabInstance: {fileID: 811179037}
  m_PrefabAsset: {fileID: 0}
--- !u!1001 &1863101204
PrefabInstance:
  m_ObjectHideFlags: 0
  serializedVersion: 2
  m_Modification:
    m_TransformParent: {fileID: 1250177397}
    m_Modifications:
    - target: {fileID: 3581061029126423844, guid: d5f0658e9c5e84446879df87884913a0,
        type: 3}
      propertyPath: m_LocalPosition.x
      value: 0.34
      objectReference: {fileID: 0}
    - target: {fileID: 3581061029126423844, guid: d5f0658e9c5e84446879df87884913a0,
        type: 3}
      propertyPath: m_LocalPosition.y
      value: 0.87
      objectReference: {fileID: 0}
    - target: {fileID: 3581061029126423844, guid: d5f0658e9c5e84446879df87884913a0,
        type: 3}
      propertyPath: m_LocalPosition.z
      value: -5.39
      objectReference: {fileID: 0}
    - target: {fileID: 3581061029126423844, guid: d5f0658e9c5e84446879df87884913a0,
        type: 3}
      propertyPath: m_LocalRotation.x
      value: -0
      objectReference: {fileID: 0}
    - target: {fileID: 3581061029126423844, guid: d5f0658e9c5e84446879df87884913a0,
        type: 3}
      propertyPath: m_LocalRotation.y
      value: 1
      objectReference: {fileID: 0}
    - target: {fileID: 3581061029126423844, guid: d5f0658e9c5e84446879df87884913a0,
        type: 3}
      propertyPath: m_LocalRotation.z
      value: -0
      objectReference: {fileID: 0}
    - target: {fileID: 3581061029126423844, guid: d5f0658e9c5e84446879df87884913a0,
        type: 3}
      propertyPath: m_LocalRotation.w
      value: 0
      objectReference: {fileID: 0}
    - target: {fileID: 3581061029126423844, guid: d5f0658e9c5e84446879df87884913a0,
        type: 3}
      propertyPath: m_RootOrder
      value: 2
      objectReference: {fileID: 0}
    - target: {fileID: 3581061029126423844, guid: d5f0658e9c5e84446879df87884913a0,
        type: 3}
      propertyPath: m_LocalEulerAnglesHint.x
      value: 0
      objectReference: {fileID: 0}
    - target: {fileID: 3581061029126423844, guid: d5f0658e9c5e84446879df87884913a0,
        type: 3}
      propertyPath: m_LocalEulerAnglesHint.y
      value: 180
      objectReference: {fileID: 0}
    - target: {fileID: 3581061029126423844, guid: d5f0658e9c5e84446879df87884913a0,
        type: 3}
      propertyPath: m_LocalEulerAnglesHint.z
      value: 0
      objectReference: {fileID: 0}
    - target: {fileID: 3581061029126423845, guid: d5f0658e9c5e84446879df87884913a0,
        type: 3}
      propertyPath: m_Name
      value: POI 3
      objectReference: {fileID: 0}
    - target: {fileID: 9158687551068003272, guid: d5f0658e9c5e84446879df87884913a0,
        type: 3}
      propertyPath: poiData
      value: 
      objectReference: {fileID: 11400000, guid: 3a8fb27186bec0b4db8458b2bbbb6ae9,
        type: 2}
    m_RemovedComponents: []
  m_SourcePrefab: {fileID: 100100000, guid: d5f0658e9c5e84446879df87884913a0, type: 3}
--- !u!1 &1887101881
GameObject:
  m_ObjectHideFlags: 0
  m_CorrespondingSourceObject: {fileID: 0}
  m_PrefabInstance: {fileID: 0}
  m_PrefabAsset: {fileID: 0}
  serializedVersion: 6
  m_Component:
  - component: {fileID: 1887101882}
  - component: {fileID: 1887101885}
  - component: {fileID: 1887101884}
  - component: {fileID: 1887101883}
  m_Layer: 0
  m_Name: Ceiling
  m_TagString: Untagged
  m_Icon: {fileID: 0}
  m_NavMeshLayer: 0
  m_StaticEditorFlags: 0
  m_IsActive: 1
--- !u!4 &1887101882
Transform:
  m_ObjectHideFlags: 0
  m_CorrespondingSourceObject: {fileID: 0}
  m_PrefabInstance: {fileID: 0}
  m_PrefabAsset: {fileID: 0}
  m_GameObject: {fileID: 1887101881}
  m_LocalRotation: {x: 1, y: 0, z: 0, w: 0}
  m_LocalPosition: {x: -0.83, y: 15, z: -8}
  m_LocalScale: {x: 3.0937, y: 3.0937, z: 3.0937}
  m_Children: []
  m_Father: {fileID: 446552817}
  m_RootOrder: 6
  m_LocalEulerAnglesHint: {x: 180, y: 0, z: 0}
--- !u!64 &1887101883
MeshCollider:
  m_ObjectHideFlags: 0
  m_CorrespondingSourceObject: {fileID: 0}
  m_PrefabInstance: {fileID: 0}
  m_PrefabAsset: {fileID: 0}
  m_GameObject: {fileID: 1887101881}
  m_Material: {fileID: 0}
  m_IsTrigger: 0
  m_Enabled: 1
  serializedVersion: 4
  m_Convex: 0
  m_CookingOptions: 30
  m_Mesh: {fileID: 10209, guid: 0000000000000000e000000000000000, type: 0}
--- !u!23 &1887101884
MeshRenderer:
  m_ObjectHideFlags: 0
  m_CorrespondingSourceObject: {fileID: 0}
  m_PrefabInstance: {fileID: 0}
  m_PrefabAsset: {fileID: 0}
  m_GameObject: {fileID: 1887101881}
  m_Enabled: 1
  m_CastShadows: 1
  m_ReceiveShadows: 1
  m_DynamicOccludee: 1
  m_MotionVectors: 1
  m_LightProbeUsage: 1
  m_ReflectionProbeUsage: 1
  m_RayTracingMode: 2
  m_RayTraceProcedural: 0
  m_RenderingLayerMask: 1
  m_RendererPriority: 0
  m_Materials:
  - {fileID: 10303, guid: 0000000000000000f000000000000000, type: 0}
  m_StaticBatchInfo:
    firstSubMesh: 0
    subMeshCount: 0
  m_StaticBatchRoot: {fileID: 0}
  m_ProbeAnchor: {fileID: 0}
  m_LightProbeVolumeOverride: {fileID: 0}
  m_ScaleInLightmap: 1
  m_ReceiveGI: 1
  m_PreserveUVs: 0
  m_IgnoreNormalsForChartDetection: 0
  m_ImportantGI: 0
  m_StitchLightmapSeams: 1
  m_SelectedEditorRenderState: 3
  m_MinimumChartSize: 4
  m_AutoUVMaxDistance: 0.5
  m_AutoUVMaxAngle: 89
  m_LightmapParameters: {fileID: 0}
  m_SortingLayerID: 0
  m_SortingLayer: 0
  m_SortingOrder: 0
  m_AdditionalVertexStreams: {fileID: 0}
--- !u!33 &1887101885
MeshFilter:
  m_ObjectHideFlags: 0
  m_CorrespondingSourceObject: {fileID: 0}
  m_PrefabInstance: {fileID: 0}
  m_PrefabAsset: {fileID: 0}
  m_GameObject: {fileID: 1887101881}
  m_Mesh: {fileID: 10209, guid: 0000000000000000e000000000000000, type: 0}
--- !u!1001 &1943089074
PrefabInstance:
  m_ObjectHideFlags: 0
  serializedVersion: 2
  m_Modification:
    m_TransformParent: {fileID: 1250177397}
    m_Modifications:
    - target: {fileID: 3581061029126423844, guid: d5f0658e9c5e84446879df87884913a0,
        type: 3}
      propertyPath: m_LocalPosition.x
      value: 3.78
      objectReference: {fileID: 0}
    - target: {fileID: 3581061029126423844, guid: d5f0658e9c5e84446879df87884913a0,
        type: 3}
      propertyPath: m_LocalPosition.y
      value: 0.87
      objectReference: {fileID: 0}
    - target: {fileID: 3581061029126423844, guid: d5f0658e9c5e84446879df87884913a0,
        type: 3}
      propertyPath: m_LocalPosition.z
      value: -4.5
      objectReference: {fileID: 0}
    - target: {fileID: 3581061029126423844, guid: d5f0658e9c5e84446879df87884913a0,
        type: 3}
      propertyPath: m_LocalRotation.x
      value: -0
      objectReference: {fileID: 0}
    - target: {fileID: 3581061029126423844, guid: d5f0658e9c5e84446879df87884913a0,
        type: 3}
      propertyPath: m_LocalRotation.y
      value: 1
      objectReference: {fileID: 0}
    - target: {fileID: 3581061029126423844, guid: d5f0658e9c5e84446879df87884913a0,
        type: 3}
      propertyPath: m_LocalRotation.z
      value: -0
      objectReference: {fileID: 0}
    - target: {fileID: 3581061029126423844, guid: d5f0658e9c5e84446879df87884913a0,
        type: 3}
      propertyPath: m_LocalRotation.w
      value: 0
      objectReference: {fileID: 0}
    - target: {fileID: 3581061029126423844, guid: d5f0658e9c5e84446879df87884913a0,
        type: 3}
      propertyPath: m_RootOrder
      value: 3
      objectReference: {fileID: 0}
    - target: {fileID: 3581061029126423844, guid: d5f0658e9c5e84446879df87884913a0,
        type: 3}
      propertyPath: m_LocalEulerAnglesHint.x
      value: 0
      objectReference: {fileID: 0}
    - target: {fileID: 3581061029126423844, guid: d5f0658e9c5e84446879df87884913a0,
        type: 3}
      propertyPath: m_LocalEulerAnglesHint.y
      value: 180
      objectReference: {fileID: 0}
    - target: {fileID: 3581061029126423844, guid: d5f0658e9c5e84446879df87884913a0,
        type: 3}
      propertyPath: m_LocalEulerAnglesHint.z
      value: 0
      objectReference: {fileID: 0}
    - target: {fileID: 3581061029126423845, guid: d5f0658e9c5e84446879df87884913a0,
        type: 3}
      propertyPath: m_Name
      value: POI 4
      objectReference: {fileID: 0}
    - target: {fileID: 9158687551068003272, guid: d5f0658e9c5e84446879df87884913a0,
        type: 3}
      propertyPath: poiData
      value: 
      objectReference: {fileID: 11400000, guid: 5206d3bffa86c3d4ba3a38f0850a89f6,
        type: 2}
    m_RemovedComponents:
    - {fileID: 1632759820650550234, guid: d5f0658e9c5e84446879df87884913a0, type: 3}
  m_SourcePrefab: {fileID: 100100000, guid: d5f0658e9c5e84446879df87884913a0, type: 3}
--- !u!1 &1966576277 stripped
GameObject:
  m_CorrespondingSourceObject: {fileID: 250123217317205396, guid: 0e5e8127cf519444db7ce6a290561798,
    type: 3}
  m_PrefabInstance: {fileID: 1098898913}
  m_PrefabAsset: {fileID: 0}
--- !u!1 &1981626484
GameObject:
  m_ObjectHideFlags: 0
  m_CorrespondingSourceObject: {fileID: 0}
  m_PrefabInstance: {fileID: 0}
  m_PrefabAsset: {fileID: 0}
  serializedVersion: 6
  m_Component:
  - component: {fileID: 1981626485}
  - component: {fileID: 1981626488}
  - component: {fileID: 1981626487}
  - component: {fileID: 1981626486}
  m_Layer: 0
  m_Name: Wall
  m_TagString: Untagged
  m_Icon: {fileID: 0}
  m_NavMeshLayer: 0
  m_StaticEditorFlags: 0
  m_IsActive: 1
--- !u!4 &1981626485
Transform:
  m_ObjectHideFlags: 0
  m_CorrespondingSourceObject: {fileID: 0}
  m_PrefabInstance: {fileID: 0}
  m_PrefabAsset: {fileID: 0}
  m_GameObject: {fileID: 1981626484}
  m_LocalRotation: {x: -0.70710707, y: -0, z: -0, w: 0.70710653}
  m_LocalPosition: {x: -0.83, y: -0, z: 7.35}
  m_LocalScale: {x: 3.0937, y: 3.0937, z: 3.0937}
  m_Children: []
  m_Father: {fileID: 446552817}
  m_RootOrder: 2
  m_LocalEulerAnglesHint: {x: -90.00001, y: 0, z: 0}
--- !u!64 &1981626486
MeshCollider:
  m_ObjectHideFlags: 0
  m_CorrespondingSourceObject: {fileID: 0}
  m_PrefabInstance: {fileID: 0}
  m_PrefabAsset: {fileID: 0}
  m_GameObject: {fileID: 1981626484}
  m_Material: {fileID: 0}
  m_IsTrigger: 0
  m_Enabled: 1
  serializedVersion: 4
  m_Convex: 0
  m_CookingOptions: 30
  m_Mesh: {fileID: 10209, guid: 0000000000000000e000000000000000, type: 0}
--- !u!23 &1981626487
MeshRenderer:
  m_ObjectHideFlags: 0
  m_CorrespondingSourceObject: {fileID: 0}
  m_PrefabInstance: {fileID: 0}
  m_PrefabAsset: {fileID: 0}
  m_GameObject: {fileID: 1981626484}
  m_Enabled: 1
  m_CastShadows: 1
  m_ReceiveShadows: 1
  m_DynamicOccludee: 1
  m_MotionVectors: 1
  m_LightProbeUsage: 1
  m_ReflectionProbeUsage: 1
  m_RayTracingMode: 2
  m_RayTraceProcedural: 0
  m_RenderingLayerMask: 1
  m_RendererPriority: 0
  m_Materials:
  - {fileID: 10303, guid: 0000000000000000f000000000000000, type: 0}
  m_StaticBatchInfo:
    firstSubMesh: 0
    subMeshCount: 0
  m_StaticBatchRoot: {fileID: 0}
  m_ProbeAnchor: {fileID: 0}
  m_LightProbeVolumeOverride: {fileID: 0}
  m_ScaleInLightmap: 1
  m_ReceiveGI: 1
  m_PreserveUVs: 0
  m_IgnoreNormalsForChartDetection: 0
  m_ImportantGI: 0
  m_StitchLightmapSeams: 1
  m_SelectedEditorRenderState: 3
  m_MinimumChartSize: 4
  m_AutoUVMaxDistance: 0.5
  m_AutoUVMaxAngle: 89
  m_LightmapParameters: {fileID: 0}
  m_SortingLayerID: 0
  m_SortingLayer: 0
  m_SortingOrder: 0
  m_AdditionalVertexStreams: {fileID: 0}
--- !u!33 &1981626488
MeshFilter:
  m_ObjectHideFlags: 0
  m_CorrespondingSourceObject: {fileID: 0}
  m_PrefabInstance: {fileID: 0}
  m_PrefabAsset: {fileID: 0}
  m_GameObject: {fileID: 1981626484}
  m_Mesh: {fileID: 10209, guid: 0000000000000000e000000000000000, type: 0}
--- !u!224 &2047449008 stripped
RectTransform:
  m_CorrespondingSourceObject: {fileID: 4546102900037420539, guid: fcd3543d5302d7b4aa2551630b1e490a,
    type: 3}
  m_PrefabInstance: {fileID: 811179037}
  m_PrefabAsset: {fileID: 0}
--- !u!1 &2069494397
GameObject:
  m_ObjectHideFlags: 0
  m_CorrespondingSourceObject: {fileID: 0}
  m_PrefabInstance: {fileID: 0}
  m_PrefabAsset: {fileID: 0}
  serializedVersion: 6
  m_Component:
  - component: {fileID: 2069494398}
  - component: {fileID: 2069494401}
  - component: {fileID: 2069494400}
  - component: {fileID: 2069494399}
  m_Layer: 0
  m_Name: Wall
  m_TagString: Untagged
  m_Icon: {fileID: 0}
  m_NavMeshLayer: 0
  m_StaticEditorFlags: 0
  m_IsActive: 1
--- !u!4 &2069494398
Transform:
  m_ObjectHideFlags: 0
  m_CorrespondingSourceObject: {fileID: 0}
  m_PrefabInstance: {fileID: 0}
  m_PrefabAsset: {fileID: 0}
  m_GameObject: {fileID: 2069494397}
  m_LocalRotation: {x: -0, y: -0, z: 0.70710677, w: 0.7071068}
  m_LocalPosition: {x: 14.42, y: 0, z: -7.9}
  m_LocalScale: {x: 3.0937, y: 3.0937, z: 3.0937}
  m_Children: []
  m_Father: {fileID: 446552817}
  m_RootOrder: 3
  m_LocalEulerAnglesHint: {x: 0, y: 0, z: 90.00001}
--- !u!64 &2069494399
MeshCollider:
  m_ObjectHideFlags: 0
  m_CorrespondingSourceObject: {fileID: 0}
  m_PrefabInstance: {fileID: 0}
  m_PrefabAsset: {fileID: 0}
  m_GameObject: {fileID: 2069494397}
  m_Material: {fileID: 0}
  m_IsTrigger: 0
  m_Enabled: 1
  serializedVersion: 4
  m_Convex: 0
  m_CookingOptions: 30
  m_Mesh: {fileID: 10209, guid: 0000000000000000e000000000000000, type: 0}
--- !u!23 &2069494400
MeshRenderer:
  m_ObjectHideFlags: 0
  m_CorrespondingSourceObject: {fileID: 0}
  m_PrefabInstance: {fileID: 0}
  m_PrefabAsset: {fileID: 0}
  m_GameObject: {fileID: 2069494397}
  m_Enabled: 1
  m_CastShadows: 1
  m_ReceiveShadows: 1
  m_DynamicOccludee: 1
  m_MotionVectors: 1
  m_LightProbeUsage: 1
  m_ReflectionProbeUsage: 1
  m_RayTracingMode: 2
  m_RayTraceProcedural: 0
  m_RenderingLayerMask: 1
  m_RendererPriority: 0
  m_Materials:
  - {fileID: 10303, guid: 0000000000000000f000000000000000, type: 0}
  m_StaticBatchInfo:
    firstSubMesh: 0
    subMeshCount: 0
  m_StaticBatchRoot: {fileID: 0}
  m_ProbeAnchor: {fileID: 0}
  m_LightProbeVolumeOverride: {fileID: 0}
  m_ScaleInLightmap: 1
  m_ReceiveGI: 1
  m_PreserveUVs: 0
  m_IgnoreNormalsForChartDetection: 0
  m_ImportantGI: 0
  m_StitchLightmapSeams: 1
  m_SelectedEditorRenderState: 3
  m_MinimumChartSize: 4
  m_AutoUVMaxDistance: 0.5
  m_AutoUVMaxAngle: 89
  m_LightmapParameters: {fileID: 0}
  m_SortingLayerID: 0
  m_SortingLayer: 0
  m_SortingOrder: 0
  m_AdditionalVertexStreams: {fileID: 0}
--- !u!33 &2069494401
MeshFilter:
  m_ObjectHideFlags: 0
  m_CorrespondingSourceObject: {fileID: 0}
  m_PrefabInstance: {fileID: 0}
  m_PrefabAsset: {fileID: 0}
  m_GameObject: {fileID: 2069494397}
  m_Mesh: {fileID: 10209, guid: 0000000000000000e000000000000000, type: 0}
--- !u!4 &2086853682 stripped
Transform:
  m_CorrespondingSourceObject: {fileID: 3581061029126423844, guid: d5f0658e9c5e84446879df87884913a0,
    type: 3}
  m_PrefabInstance: {fileID: 4432074502609745289}
  m_PrefabAsset: {fileID: 0}
--- !u!4 &2107409208 stripped
Transform:
  m_CorrespondingSourceObject: {fileID: 3581061029126423844, guid: d5f0658e9c5e84446879df87884913a0,
    type: 3}
  m_PrefabInstance: {fileID: 1943089074}
  m_PrefabAsset: {fileID: 0}
--- !u!1 &2138677391
GameObject:
  m_ObjectHideFlags: 0
  m_CorrespondingSourceObject: {fileID: 0}
  m_PrefabInstance: {fileID: 0}
  m_PrefabAsset: {fileID: 0}
  serializedVersion: 6
  m_Component:
  - component: {fileID: 2138677393}
  - component: {fileID: 2138677392}
  m_Layer: 0
  m_Name: Directional Light
  m_TagString: Untagged
  m_Icon: {fileID: 0}
  m_NavMeshLayer: 0
  m_StaticEditorFlags: 0
  m_IsActive: 1
--- !u!108 &2138677392
Light:
  m_ObjectHideFlags: 0
  m_CorrespondingSourceObject: {fileID: 0}
  m_PrefabInstance: {fileID: 0}
  m_PrefabAsset: {fileID: 0}
  m_GameObject: {fileID: 2138677391}
  m_Enabled: 1
  serializedVersion: 10
  m_Type: 1
  m_Shape: 0
  m_Color: {r: 1, g: 0.95686275, b: 0.8392157, a: 1}
  m_Intensity: 2
  m_Range: 10
  m_SpotAngle: 30
  m_InnerSpotAngle: 21.802082
  m_CookieSize: 10
  m_Shadows:
    m_Type: 2
    m_Resolution: -1
    m_CustomResolution: -1
    m_Strength: 1
    m_Bias: 0.02
    m_NormalBias: 0.1
    m_NearPlane: 0.1
    m_CullingMatrixOverride:
      e00: 1
      e01: 0
      e02: 0
      e03: 0
      e10: 0
      e11: 1
      e12: 0
      e13: 0
      e20: 0
      e21: 0
      e22: 1
      e23: 0
      e30: 0
      e31: 0
      e32: 0
      e33: 1
    m_UseCullingMatrixOverride: 0
  m_Cookie: {fileID: 0}
  m_DrawHalo: 0
  m_Flare: {fileID: 0}
  m_RenderMode: 0
  m_CullingMask:
    serializedVersion: 2
    m_Bits: 4294967295
  m_RenderingLayerMask: 1
  m_Lightmapping: 1
  m_LightShadowCasterMode: 0
  m_AreaSize: {x: 1, y: 1}
  m_BounceIntensity: 1
  m_ColorTemperature: 6570
  m_UseColorTemperature: 0
  m_BoundingSphereOverride: {x: 0, y: 0, z: 0, w: 0}
  m_UseBoundingSphereOverride: 0
  m_ShadowRadius: 0
  m_ShadowAngle: 0
--- !u!4 &2138677393
Transform:
  m_ObjectHideFlags: 0
  m_CorrespondingSourceObject: {fileID: 0}
  m_PrefabInstance: {fileID: 0}
  m_PrefabAsset: {fileID: 0}
  m_GameObject: {fileID: 2138677391}
  m_LocalRotation: {x: 0.7064338, y: 0.47771442, z: 0.030843567, w: 0.5213338}
  m_LocalPosition: {x: 0.24, y: 3, z: 4.18}
  m_LocalScale: {x: 1, y: 1, z: 1}
  m_Children: []
  m_Father: {fileID: 0}
  m_RootOrder: 1
  m_LocalEulerAnglesHint: {x: 45, y: 130, z: 90}
--- !u!114 &2142380824 stripped
MonoBehaviour:
  m_CorrespondingSourceObject: {fileID: 6085808210373478364, guid: 2af3da1ec0425ff45a4e5aec07aab2b4,
    type: 3}
  m_PrefabInstance: {fileID: 488748733}
  m_PrefabAsset: {fileID: 0}
  m_GameObject: {fileID: 0}
  m_Enabled: 1
  m_EditorHideFlags: 0
  m_Script: {fileID: 11500000, guid: 8e1b08824d9b2d848b5b7ad2bbab9099, type: 3}
  m_Name: 
  m_EditorClassIdentifier: 
--- !u!1001 &4432074502609745289
PrefabInstance:
  m_ObjectHideFlags: 0
  serializedVersion: 2
  m_Modification:
    m_TransformParent: {fileID: 1250177397}
    m_Modifications:
    - target: {fileID: 3581061029126423844, guid: d5f0658e9c5e84446879df87884913a0,
        type: 3}
      propertyPath: m_LocalPosition.x
      value: -8.42
      objectReference: {fileID: 0}
    - target: {fileID: 3581061029126423844, guid: d5f0658e9c5e84446879df87884913a0,
        type: 3}
      propertyPath: m_LocalPosition.y
      value: 0.87
      objectReference: {fileID: 0}
    - target: {fileID: 3581061029126423844, guid: d5f0658e9c5e84446879df87884913a0,
        type: 3}
      propertyPath: m_LocalPosition.z
      value: -7.48
      objectReference: {fileID: 0}
    - target: {fileID: 3581061029126423844, guid: d5f0658e9c5e84446879df87884913a0,
        type: 3}
      propertyPath: m_LocalRotation.x
      value: -0
      objectReference: {fileID: 0}
    - target: {fileID: 3581061029126423844, guid: d5f0658e9c5e84446879df87884913a0,
        type: 3}
      propertyPath: m_LocalRotation.y
      value: 1
      objectReference: {fileID: 0}
    - target: {fileID: 3581061029126423844, guid: d5f0658e9c5e84446879df87884913a0,
        type: 3}
      propertyPath: m_LocalRotation.z
      value: -0
      objectReference: {fileID: 0}
    - target: {fileID: 3581061029126423844, guid: d5f0658e9c5e84446879df87884913a0,
        type: 3}
      propertyPath: m_LocalRotation.w
      value: 0
      objectReference: {fileID: 0}
    - target: {fileID: 3581061029126423844, guid: d5f0658e9c5e84446879df87884913a0,
        type: 3}
      propertyPath: m_RootOrder
      value: 0
      objectReference: {fileID: 0}
    - target: {fileID: 3581061029126423844, guid: d5f0658e9c5e84446879df87884913a0,
        type: 3}
      propertyPath: m_LocalEulerAnglesHint.x
      value: 0
      objectReference: {fileID: 0}
    - target: {fileID: 3581061029126423844, guid: d5f0658e9c5e84446879df87884913a0,
        type: 3}
      propertyPath: m_LocalEulerAnglesHint.y
      value: 180
      objectReference: {fileID: 0}
    - target: {fileID: 3581061029126423844, guid: d5f0658e9c5e84446879df87884913a0,
        type: 3}
      propertyPath: m_LocalEulerAnglesHint.z
      value: 0
      objectReference: {fileID: 0}
    - target: {fileID: 3581061029126423845, guid: d5f0658e9c5e84446879df87884913a0,
        type: 3}
      propertyPath: m_Name
      value: POI 1
      objectReference: {fileID: 0}
    - target: {fileID: 4074817795522795376, guid: d5f0658e9c5e84446879df87884913a0,
        type: 3}
      propertyPath: m_SizeDelta.x
      value: 1.1
      objectReference: {fileID: 0}
    - target: {fileID: 4074817795522795376, guid: d5f0658e9c5e84446879df87884913a0,
        type: 3}
      propertyPath: m_SizeDelta.y
      value: 1.1
      objectReference: {fileID: 0}
    - target: {fileID: 6130535396573588659, guid: d5f0658e9c5e84446879df87884913a0,
        type: 3}
      propertyPath: m_Sprite
      value: 
      objectReference: {fileID: 21300000, guid: 0359f3b2d7d8ecd488269210307b250e,
        type: 3}
    - target: {fileID: 9158687551068003272, guid: d5f0658e9c5e84446879df87884913a0,
        type: 3}
      propertyPath: poiData
      value: 
      objectReference: {fileID: 11400000, guid: ce83631ec4f115b46b644b0e0298d039,
        type: 2}
    m_RemovedComponents: []
  m_SourcePrefab: {fileID: 100100000, guid: d5f0658e9c5e84446879df87884913a0, type: 3}
--- !u!1001 &5235026342476490741
PrefabInstance:
  m_ObjectHideFlags: 0
  serializedVersion: 2
  m_Modification:
    m_TransformParent: {fileID: 0}
    m_Modifications:
    - target: {fileID: 5235026342348610808, guid: 2080f63b9b4ac8d41aacf4587a227462,
        type: 3}
      propertyPath: m_Name
      value: Machine
      objectReference: {fileID: 0}
    - target: {fileID: 5235026342348610811, guid: 2080f63b9b4ac8d41aacf4587a227462,
        type: 3}
      propertyPath: m_LocalPosition.x
      value: 0
      objectReference: {fileID: 0}
    - target: {fileID: 5235026342348610811, guid: 2080f63b9b4ac8d41aacf4587a227462,
        type: 3}
      propertyPath: m_LocalPosition.y
      value: 0
      objectReference: {fileID: 0}
    - target: {fileID: 5235026342348610811, guid: 2080f63b9b4ac8d41aacf4587a227462,
        type: 3}
      propertyPath: m_LocalPosition.z
      value: 0
      objectReference: {fileID: 0}
    - target: {fileID: 5235026342348610811, guid: 2080f63b9b4ac8d41aacf4587a227462,
        type: 3}
      propertyPath: m_LocalRotation.x
      value: 0
      objectReference: {fileID: 0}
    - target: {fileID: 5235026342348610811, guid: 2080f63b9b4ac8d41aacf4587a227462,
        type: 3}
      propertyPath: m_LocalRotation.y
      value: 0
      objectReference: {fileID: 0}
    - target: {fileID: 5235026342348610811, guid: 2080f63b9b4ac8d41aacf4587a227462,
        type: 3}
      propertyPath: m_LocalRotation.z
      value: 0
      objectReference: {fileID: 0}
    - target: {fileID: 5235026342348610811, guid: 2080f63b9b4ac8d41aacf4587a227462,
        type: 3}
      propertyPath: m_LocalRotation.w
      value: 1
      objectReference: {fileID: 0}
    - target: {fileID: 5235026342348610811, guid: 2080f63b9b4ac8d41aacf4587a227462,
        type: 3}
      propertyPath: m_RootOrder
      value: 0
      objectReference: {fileID: 0}
    - target: {fileID: 5235026342348610811, guid: 2080f63b9b4ac8d41aacf4587a227462,
        type: 3}
      propertyPath: m_LocalEulerAnglesHint.x
      value: 0
      objectReference: {fileID: 0}
    - target: {fileID: 5235026342348610811, guid: 2080f63b9b4ac8d41aacf4587a227462,
        type: 3}
      propertyPath: m_LocalEulerAnglesHint.y
      value: 0
      objectReference: {fileID: 0}
    - target: {fileID: 5235026342348610811, guid: 2080f63b9b4ac8d41aacf4587a227462,
        type: 3}
      propertyPath: m_LocalEulerAnglesHint.z
      value: 0
      objectReference: {fileID: 0}
    m_RemovedComponents: []
  m_SourcePrefab: {fileID: 100100000, guid: 2080f63b9b4ac8d41aacf4587a227462, type: 3}
